<?xml version="1.0" encoding="UTF-8"?>
<!DOCTYPE html PUBLIC "-//W3C//DTD XHTML 1.0 Transitional//EN"
    "http://www.w3.org/TR/xhtml1/DTD/xhtml1-transitional.dtd">
<html xmlns="http://www.w3.org/1999/xhtml" xml:lang="en" lang="en">
 <head>
  <title>
</title>
<meta http-equiv="Content-Type" content="text/html;charset=utf-8" />
  <meta name='ocr-system' content='tesseract 3.04.00' />
  <meta name='ocr-capabilities' content='ocr_page ocr_carea ocr_par ocr_line ocrx_word'/>
</head>
<body>
  <div class='ocr_page' id='page_1' title='image "./narrationesexce00goffgoog_0054.png"; bbox 0 0 1808 3254; ppageno 0'>
   <div class='ocr_carea' id='block_1_1' title="bbox 939 133 1117 218">
    <p class='ocr_par' dir='ltr' id='par_1_1' title="bbox 939 133 1117 218">
     <span class='ocr_line' id='line_1_1' title="bbox 939 133 1117 218; baseline 0 0"><span class='ocrx_word' id='word_1_1' title='bbox 939 133 1117 218; x_wconf 56' lang='grc' dir='ltr'><strong>ω’</strong></span> 
     </span>
    </p>
   </div>
   <div class='ocr_carea' id='block_1_2' title="bbox 401 388 1601 826">
    <p class='ocr_par' dir='ltr' id='par_1_2' title="bbox 401 388 1601 826">
     <span class='ocr_line' id='line_1_2' title="bbox 601 388 1387 464; baseline -0.003 0"><span class='ocrx_word' id='word_1_2' title='bbox 601 399 1158 464; x_wconf 81' lang='lat' dir='ltr'><strong>NARRATION</strong></span> <span class='ocrx_word' id='word_1_3' title='bbox 1199 388 1387 464; x_wconf 76' lang='lat' dir='ltr'>XIV.</span> 
     </span>
     <span class='ocr_line' id='line_1_3' title="bbox 401 541 1601 664; baseline 0.002 -24"><span class='ocrx_word' id='word_1_4' title='bbox 401 579 532 640; x_wconf 70' lang='lat' dir='ltr'><strong>The</strong></span> <span class='ocrx_word' id='word_1_5' title='bbox 561 573 969 664; x_wconf 63' lang='lat' dir='ltr'><strong>magnffieent</strong></span> <span class='ocrx_word' id='word_1_6' title='bbox 992 541 1202 642; x_wconf 45' lang='lat' dir='ltr'><strong>march</strong></span> <span class='ocrx_word' id='word_1_7' title='bbox 1233 579 1601 664; x_wconf 75' lang='lat' dir='ltr'><strong>ofDarz&#39;uS.</strong></span> 
     </span>
     <span class='ocr_line' id='line_1_4' title="bbox 549 757 1397 826; baseline -0.004 -14"><span class='ocrx_word' id='word_1_8' title='bbox 549 757 716 821; x_wconf 75' lang='lat' dir='ltr'><strong>(Ano.</strong></span> <span class='ocrx_word' id='word_1_9' title='bbox 723 759 882 818; x_wconf 45' lang='lat' dir='ltr'><strong>fuist.</strong></span> <span class='ocrx_word' id='word_1_10' title='bbox 918 761 973 810; x_wconf 86' lang='lat'><strong>2.</strong></span> <span class='ocrx_word' id='word_1_11' title='bbox 1000 763 1130 813; x_wconf 83' lang='lat' dir='ltr'><strong>cuv.</strong></span> <span class='ocrx_word' id='word_1_12' title='bbox 1152 760 1291 810; x_wconf 77' lang='lat' dir='ltr'><strong>book</strong></span> <span class='ocrx_word' id='word_1_13' title='bbox 1314 760 1397 826; x_wconf 84' lang='lat'><strong>3.)</strong></span> 
     </span>
    </p>
   </div>
   <div class='ocr_carea' id='block_1_3' title="bbox 229 903 1729 1372">
    <p class='ocr_par' dir='ltr' id='par_1_3' title="bbox 229 903 1729 1372">
     <span class='ocr_line' id='line_1_5' title="bbox 330 903 1728 982; baseline 0 -20"><span class='ocrx_word' id='word_1_14' title='bbox 330 905 570 982; x_wconf 69' lang='lat' dir='ltr'><strong>PA&#39;rmo</strong></span> <span class='ocrx_word' id='word_1_15' title='bbox 611 924 787 963; x_wconf 81' lang='lat' dir='ltr'><strong>more</strong></span> <span class='ocrx_word' id='word_1_16' title='bbox 806 903 1126 964; x_wconf 83' lang='lat' dir='ltr'><strong>Persarum</strong></span> <span class='ocrx_word' id='word_1_17' title='bbox 1150 905 1437 962; x_wconf 84' lang='lat' dir='ltr'><strong>traditum·</strong></span> <span class='ocrx_word' id='word_1_18' title='bbox 1462 915 1572 975; x_wconf 89' lang='lat' dir='ltr'><strong>est,</strong></span> <span class='ocrx_word' id='word_1_19' title='bbox 1598 913 1728 962; x_wconf 77' lang='lat' dir='ltr'><strong>orto</strong></span> 
     </span>
     <span class='ocr_line' id='line_1_6' title="bbox 251 971 1729 1060; baseline -0.001 -19"><span class='ocrx_word' id='word_1_20' title='bbox 251 986 371 1042; x_wconf 91' lang='lat' dir='ltr'><strong>sole</strong></span> <span class='ocrx_word' id='word_1_21' title='bbox 389 971 636 1042; x_wconf 79' lang='lat' dir='ltr'><strong>demum</strong></span> <span class='ocrx_word' id='word_1_22' title='bbox 659 984 1027 1058; x_wconf 81' lang='lat' dir='ltr'><strong>procedere·</strong></span> <span class='ocrx_word' id='word_1_23' title='bbox 1067 981 1159 1040; x_wconf 89' lang='lat' dir='ltr'><strong>die</strong></span> <span class='ocrx_word' id='word_1_24' title='bbox 1198 982 1324 1058; x_wconf 86' lang='lat' dir='ltr'><strong>jam</strong></span> <span class='ocrx_word' id='word_1_25' title='bbox 1345 981 1593 1056; x_wconf 78' lang='lat' dir='ltr'><strong>illustri,</strong></span> <span class='ocrx_word' id='word_1_26' title='bbox 1612 984 1729 1060; x_wconf 85' lang='lat' dir='ltr'><strong>sig-</strong></span> 
     </span>
     <span class='ocr_line' id='line_1_7' title="bbox 249 1059 1723 1136; baseline -0.001 -16"><span class='ocrx_word' id='word_1_27' title='bbox 249 1080 398 1120; x_wconf 87' lang='lat' dir='ltr'><strong>num</strong></span> <span class='ocrx_word' id='word_1_28' title='bbox 423 1063 454 1118; x_wconf 75' lang='grc' dir='ltr'>ὲ</span> <span class='ocrx_word' id='word_1_29' title='bbox 480 1065 856 1120; x_wconf 84' lang='lat' dir='ltr'><strong>tabernaculo</strong></span> <span class='ocrx_word' id='word_1_30' title='bbox 879 1061 1043 1136; x_wconf 79' lang='lat' dir='ltr'><strong>regis</strong></span> <span class='ocrx_word' id='word_1_31' title='bbox 1056 1059 1305 1118; x_wconf 82' lang='lat' dir='ltr'><strong>buccina</strong></span> <span class='ocrx_word' id='word_1_32' title='bbox 1318 1061 1599 1131; x_wconf 88' lang='lat' dir='ltr'><strong>dabatur</strong></span> <span class='ocrx_word' id='word_1_33' title='bbox 1630 1081 1723 1118; x_wconf 88' lang='lat' dir='ltr'><strong>su-</strong></span> 
     </span>
     <span class='ocr_line' id='line_1_8' title="bbox 229 1137 1725 1216; baseline -0.001 -20"><span class='ocrx_word' id='word_1_34' title='bbox 229 1149 358 1216; x_wconf 71' lang='lat' dir='ltr'><strong>&#39;per</strong></span> <span class='ocrx_word' id='word_1_35' title='bbox 394 1142 856 1216; x_wconf 85' lang='lat' dir='ltr'><strong>tabernaculum,</strong></span> <span class='ocrx_word' id='word_1_36' title='bbox 899 1137 1052 1198; x_wconf 75' lang='lat' dir='ltr'><strong>unde</strong></span> <span class='ocrx_word' id='word_1_37' title='bbox 1075 1141 1148 1196; x_wconf 85' lang='lat' dir='ltr'><strong>ab</strong></span> <span class='ocrx_word' id='word_1_38' title='bbox 1171 1139 1441 1196; x_wconf 89' lang='lat' dir='ltr'><strong>omnibus</strong></span> <span class='ocrx_word' id='word_1_39' title='bbox 1464 1139 1725 1214; x_wconf 86' lang='lat' dir='ltr'>conspici</span> 
     </span>
     <span class='ocr_line' id='line_1_9' title="bbox 250 1215 1724 1306; baseline 0.001 -34"><span class='ocrx_word' id='word_1_40' title='bbox 250 1227 468 1292; x_wconf 85' lang='lat' dir='ltr'><strong>posset,</strong></span> <span class='ocrx_word' id='word_1_41' title='bbox 493 1219 690 1293; x_wconf 84' lang='lat' dir='ltr'>imago</span> <span class='ocrx_word' id='word_1_42' title='bbox 715 1215 854 1274; x_wconf 86' lang='lat' dir='ltr'><strong>solis</strong></span> <span class='ocrx_word' id='word_1_43' title='bbox 877 1219 1152 1291; x_wconf 86' lang='lat' dir='ltr'><strong>crystallo</strong></span> <span class='ocrx_word' id='word_1_44' title='bbox 1188 1216 1419 1288; x_wconf 80' lang='lat' dir='ltr'><strong>inclusa</strong></span> <span class='ocrx_word' id='word_1_45' title='bbox 1434 1217 1724 1306; x_wconf 83' lang='lat' dir='ltr'><strong>fulgebat.</strong></span> 
     </span>
     <span class='ocr_line' id='line_1_10' title="bbox 252 1293 1725 1372; baseline 0 -18"><span class='ocrx_word' id='word_1_46' title='bbox 252 1297 420 1354; x_wconf 88' lang='lat' dir='ltr'><strong>Ordo</strong></span> <span class='ocrx_word' id='word_1_47' title='bbox 456 1305 655 1353; x_wconf 84' lang='lat' dir='ltr'><strong>autem</strong></span> <span class='ocrx_word' id='word_1_48' title='bbox 680 1295 935 1371; x_wconf 86' lang='lat' dir='ltr'><strong>agminis</strong></span> <span class='ocrx_word' id='word_1_49' title='bbox 960 1306 1084 1353; x_wconf 87' lang='lat' dir='ltr'><strong>erat</strong></span> <span class='ocrx_word' id='word_1_50' title='bbox 1125 1293 1291 1354; x_wconf 82' lang='lat' dir='ltr'><strong>talis·</strong></span> <span class='ocrx_word' id='word_1_51' title='bbox 1328 1293 1506 1372; x_wconf 79' lang='lat' dir='ltr'><strong>igniS,</strong></span> <span class='ocrx_word' id='word_1_52' title='bbox 1540 1315 1725 1370; x_wconf 84' lang='lat' dir='ltr'><strong>quem</strong></span> 
     </span>
    </p>
   </div>
   <div class='ocr_carea' id='block_1_4' title="bbox 144 1373 1725 1464">
    <p class='ocr_par' dir='ltr' id='par_1_4' title="bbox 144 1373 1725 1464">
     <span class='ocr_line' id='line_1_11' title="bbox 144 1373 1725 1464; baseline 0 -34"><span class='ocrx_word' id='word_1_53' title='bbox 144 1377 169 1445; x_wconf 38' lang='grc' dir='ltr'><em>Ἰ</em></span> <span class='ocrx_word' id='word_1_54' title='bbox 250 1373 364 1446; x_wconf 84' lang='lat' dir='ltr'><strong>ipsi</strong></span> <span class='ocrx_word' id='word_1_55' title='bbox 406 1392 634 1428; x_wconf 70' lang='lat' dir='ltr'><strong>sacrum</strong></span> <span class='ocrx_word' id='word_1_56' title='bbox 681 1386 740 1430; x_wconf 90' lang='lat' dir='ltr'><strong>et</strong></span> <span class='ocrx_word' id='word_1_57' title='bbox 781 1387 1045 1430; x_wconf 66' lang='lat' dir='ltr'><strong>aeternum</strong></span> <span class='ocrx_word' id='word_1_58' title='bbox 1087 1374 1385 1464; x_wconf 81' lang='lat' dir='ltr'><strong>vocabant,</strong></span> <span class='ocrx_word' id='word_1_59' title='bbox 1430 1377 1725 1450; x_wconf 82' lang='lat' dir='ltr'><strong>argenteis</strong></span> 
     </span>
    </p>
   </div>
   <div class='ocr_carea' id='block_1_5' title="bbox 190 1450 1781 2726">
    <p class='ocr_par' dir='ltr' id='par_1_5' title="bbox 190 1450 1781 2701">
     <span class='ocr_line' id='line_1_12' title="bbox 251 1450 1723 1527; baseline 0.001 -19"><span class='ocrx_word' id='word_1_60' title='bbox 251 1450 526 1508; x_wconf 85' lang='lat' dir='ltr'><strong>altaribus</strong></span> <span class='ocrx_word' id='word_1_61' title='bbox 549 1450 1014 1524; x_wconf 79' lang='lat' dir='ltr'><strong>praeferebatur·</strong></span> <span class='ocrx_word' id='word_1_62' title='bbox 1058 1452 1222 1527; x_wconf 87' lang='lat' dir='ltr'><strong>magi</strong></span> <span class='ocrx_word' id='word_1_63' title='bbox 1246 1451 1505 1526; x_wconf 76' lang='lat' dir='ltr'>proximi</span> <span class='ocrx_word' id='word_1_64' title='bbox 1545 1453 1723 1526; x_wconf 80' lang='lat' dir='ltr'><strong>patri—</strong></span> 
     </span>
     <span class='ocr_line' id='line_1_13' title="bbox 250 1530 1727 1607; baseline 0.003 -23"><span class='ocrx_word' id='word_1_65' title='bbox 250 1547 358 1586; x_wconf 90' lang='lat' dir='ltr'><strong>um</strong></span> <span class='ocrx_word' id='word_1_66' title='bbox 373 1547 608 1586; x_wconf 86' lang='lat' dir='ltr'><strong>carmen</strong></span> <span class='ocrx_word' id='word_1_67' title='bbox 631 1533 946 1607; x_wconf 77' lang='lat' dir='ltr'><strong>canebant·</strong></span> <span class='ocrx_word' id='word_1_68' title='bbox 977 1549 1183 1606; x_wconf 85' lang='lat' dir='ltr'><strong>magos</strong></span> <span class='ocrx_word' id='word_1_69' title='bbox 1198 1530 1445 1588; x_wconf 82' lang='lat' dir='ltr'><strong>trecenti</strong></span> <span class='ocrx_word' id='word_1_70' title='bbox 1473 1540 1532 1587; x_wconf 87' lang='lat' dir='ltr'><strong>et</strong></span> <span class='ocrx_word' id='word_1_71' title='bbox 1555 1549 1727 1589; x_wconf 77' lang='lat' dir='ltr'><strong>sexa-</strong></span> 
     </span>
     <span class='ocr_line' id='line_1_14' title="bbox 251 1607 1723 1699; baseline 0.003 -37"><span class='ocrx_word' id='word_1_72' title='bbox 251 1607 412 1683; x_wconf 80' lang='lat' dir='ltr'><strong>ginta</strong></span> <span class='ocrx_word' id='word_1_73' title='bbox 439 1608 697 1683; x_wconf 85' lang='lat' dir='ltr'><strong>quinque</strong></span> <span class='ocrx_word' id='word_1_74' title='bbox 730 1607 982 1699; x_wconf 82' lang='lat' dir='ltr'><strong>juvenes</strong></span> <span class='ocrx_word' id='word_1_75' title='bbox 1024 1611 1429 1698; x_wconf 76' lang='lat' dir='ltr'><strong>sequebantur,</strong></span> <span class='ocrx_word' id='word_1_76' title='bbox 1454 1610 1723 1683; x_wconf 75' lang='lat' dir='ltr'><strong>puniceis</strong></span> 
     </span>
     <span class='ocr_line' id='line_1_15' title="bbox 251 1686 1723 1761; baseline 0 -16"><span class='ocrx_word' id='word_1_77' title='bbox 251 1687 518 1746; x_wconf 84' lang='lat' dir='ltr'><strong>amiculis</strong></span> <span class='ocrx_word' id='word_1_78' title='bbox 543 1688 733 1757; x_wconf 88' lang='lat' dir='ltr'><strong>velati,</strong></span> <span class='ocrx_word' id='word_1_79' title='bbox 759 1686 959 1746; x_wconf 86' lang='lat' dir='ltr'><strong>diebus</strong></span> <span class='ocrx_word' id='word_1_80' title='bbox 982 1687 1156 1746; x_wconf 82' lang='lat' dir='ltr'><strong>totius</strong></span> <span class='ocrx_word' id='word_1_81' title='bbox 1175 1704 1310 1745; x_wconf 87' lang='lat' dir='ltr'><strong>anm</strong></span> <span class='ocrx_word' id='word_1_82' title='bbox 1320 1705 1497 1761; x_wconf 85' lang='lat' dir='ltr'><strong>pares</strong></span> <span class='ocrx_word' id='word_1_83' title='bbox 1516 1706 1723 1745; x_wconf 89' lang='lat' dir='ltr'><strong>nume-</strong></span> 
     </span>
     <span class='ocr_line' id='line_1_16' title="bbox 190 1764 1719 1843; baseline 0.001 -22"><span class='ocrx_word' id='word_1_84' title='bbox 190 1776 222 1791; x_wconf 56' lang='lat'><strong>‘⁴</strong></span> <span class='ocrx_word' id='word_1_85' title='bbox 249 1784 357 1833; x_wconf 72' lang='lat'><strong>1⁸30</strong></span> <span class='ocrx_word' id='word_1_86' title='bbox 401 1768 615 1841; x_wconf 86' lang='lat' dir='ltr'><strong>quippe</strong></span> <span class='ocrx_word' id='word_1_87' title='bbox 667 1766 862 1825; x_wconf 84' lang='lat' dir='ltr'><strong>Pe&#39;rsis</strong></span> <span class='ocrx_word' id='word_1_88' title='bbox 913 1784 1148 1843; x_wconf 82' lang='lat' dir='ltr'><strong>quoque</strong></span> <span class='ocrx_word' id='word_1_89' title='bbox 1198 1766 1260 1821; x_wconf 89' lang='lat' dir='ltr'><strong>in</strong></span> <span class='ocrx_word' id='word_1_90' title='bbox 1308 1764 1553 1823; x_wconf 86' lang='lat' dir='ltr'><strong>totidem</strong></span> <span class='ocrx_word' id='word_1_91' title='bbox 1595 1766 1719 1823; x_wconf 85' lang='lat' dir='ltr'><strong>dies</strong></span> 
     </span>
     <span class='ocr_line' id='line_1_17' title="bbox 250 1836 1716 1918; baseline -0.001 -17"><span class='ocrx_word' id='word_1_92' title='bbox 250 1844 586 1918; x_wconf 87' lang='lat' dir='ltr'><strong>descriptus</strong></span> <span class='ocrx_word' id='word_1_93' title='bbox 633 1856 725 1903; x_wconf 89' lang='lat' dir='ltr'><strong>est</strong></span> <span class='ocrx_word' id='word_1_94' title='bbox 759 1862 958 1903; x_wconf 84' lang='lat' dir='ltr'><strong>annus.</strong></span> <span class='ocrx_word' id='word_1_95' title='bbox 1042 1846 1303 1901; x_wconf 87' lang='lat' dir='ltr'><strong>Currum</strong></span> <span class='ocrx_word' id='word_1_96' title='bbox 1346 1842 1557 1900; x_wconf 73' lang='lat' dir='ltr'><strong>deinde</strong></span> <span class='ocrx_word' id='word_1_97' title='bbox 1584 1836 1716 1901; x_wconf 83' lang='lat' dir='ltr'><strong>Jovi</strong></span> 
     </span>
     <span class='ocr_line' id='line_1_18' title="bbox 191 1922 1717 1995; baseline 0.001 -17"><span class='ocrx_word' id='word_1_98' title='bbox 191 1945 198 1952; x_wconf 86' lang='lat'><strong>·</strong></span> <span class='ocrx_word' id='word_1_99' title='bbox 250 1932 540 1979; x_wconf 84' lang='lat' dir='ltr'><strong>sacratum</strong></span> <span class='ocrx_word' id='word_1_100' title='bbox 567 1924 822 1982; x_wconf 77' lang='lat' dir='ltr'><strong>albentes</strong></span> <span class='ocrx_word' id='word_1_101' title='bbox 841 1924 1125 1979; x_wconf 85' lang='lat' dir='ltr'><strong>vehebant</strong></span> <span class='ocrx_word' id='word_1_102' title='bbox 1149 1922 1322 1995; x_wconf 88' lang='lat' dir='ltr'><strong>equi.</strong></span> <span class='ocrx_word' id='word_1_103' title='bbox 1348 1922 1457 1979; x_wconf 88' lang='lat' dir='ltr'><strong>hos</strong></span> <span class='ocrx_word' id='word_1_104' title='bbox 1475 1922 1717 1980; x_wconf 83' lang='lat' dir='ltr'><strong>eximiae</strong></span> 
     </span>
     <span class='ocr_line' id='line_1_19' title="bbox 248 1997 1780 2075; baseline -0.001 -18"><span class='ocrx_word' id='word_1_105' title='bbox 248 1997 668 2073; x_wconf 77' lang='lat' dir='ltr'><strong>magnitudinis</strong></span> <span class='ocrx_word' id='word_1_106' title='bbox 695 2018 898 2073; x_wconf 74' lang='lat' dir='ltr'><strong>equu5‚</strong></span> <span class='ocrx_word' id='word_1_107' title='bbox 942 2018 1132 2075; x_wconf 30' lang='lat' dir='ltr'><strong>quem·</strong></span> <span class='ocrx_word' id='word_1_108' title='bbox 1164 2000 1316 2056; x_wconf 80' lang='lat' dir='ltr'><strong>Solis</strong></span> <span class='ocrx_word' id='word_1_109' title='bbox 1340 1999 1720 2075; x_wconf 80' lang='lat' dir='ltr'><strong>appellabant,</strong></span> <span class='ocrx_word' id='word_1_110' title='bbox 1779 2046 1780 2055; x_wconf 44' lang='lat'>2</span> 
     </span>
     <span class='ocr_line' id='line_1_20' title="bbox 251 2074 1781 2153; baseline 0.002 -19"><span class='ocrx_word' id='word_1_111' title='bbox 251 2080 598 2151; x_wconf 80' lang='lat' dir='ltr'><strong>sequebatur</strong></span> <span class='ocrx_word' id='word_1_112' title='bbox 627 2096 642 2129; x_wconf 73' lang='grc' dir='ltr'><em>ε</em></span> <span class='ocrx_word' id='word_1_113' title='bbox 670 2094 854 2133; x_wconf 75' lang='lat' dir='ltr'><strong>aureae</strong></span> <span class='ocrx_word' id='word_1_114' title='bbox 893 2079 1087 2153; x_wconf 72' lang='lat' dir='ltr'><strong>virgae,</strong></span> <span class='ocrx_word' id='word_1_115' title='bbox 1114 2088 1173 2135; x_wconf 89' lang='lat' dir='ltr'><strong>et</strong></span> <span class='ocrx_word' id='word_1_116' title='bbox 1198 2080 1341 2137; x_wconf 84' lang='lat' dir='ltr'><strong>albae</strong></span> <span class='ocrx_word' id='word_1_117' title='bbox 1372 2089 1585 2147; x_wconf 61' lang='lat' dir='ltr'><strong>vestes»,</strong></span> <span class='ocrx_word' id='word_1_118' title='bbox 1634 2099 1719 2137; x_wconf 87' lang='lat' dir='ltr'><strong>re·</strong></span> <span class='ocrx_word' id='word_1_119' title='bbox 1778 2074 1781 2085; x_wconf 68' lang='grc'><strong><em>’</em></strong></span> 
     </span>
     <span class='ocr_line' id='line_1_21' title="bbox 251 2154 1722 2232; baseline 0.001 -20"><span class='ocrx_word' id='word_1_120' title='bbox 251 2165 456 2232; x_wconf 86' lang='lat' dir='ltr'><strong>gentes</strong></span> <span class='ocrx_word' id='word_1_121' title='bbox 476 2172 654 2228; x_wconf 87' lang='lat' dir='ltr'><strong>equos</strong></span> <span class='ocrx_word' id='word_1_122' title='bbox 676 2154 1041 2213; x_wconf 81' lang='lat' dir='ltr'><strong>adornabant.</strong></span> <span class='ocrx_word' id='word_1_123' title='bbox 1078 2162 1083 2165; x_wconf 77' lang='grc'><strong>’</strong></span> <span class='ocrx_word' id='word_1_124' title='bbox 1120 2158 1295 2213; x_wconf 86' lang='lat' dir='ltr'><strong>Haud</strong></span> <span class='ocrx_word' id='word_1_125' title='bbox 1321 2160 1530 2229; x_wconf 82' lang='lat' dir='ltr'><strong>procul</strong></span> <span class='ocrx_word' id='word_1_126' title='bbox 1558 2168 1722 2217; x_wconf 82' lang='lat' dir='ltr'><strong>erant</strong></span> 
     </span>
     <span class='ocr_line' id='line_1_22' title="bbox 249 2233 1718 2310; baseline 0.003 -21"><span class='ocrx_word' id='word_1_127' title='bbox 249 2233 520 2289; x_wconf 78' lang='lat' dir='ltr'><strong>vehicula·</strong></span> <span class='ocrx_word' id='word_1_128' title='bbox 529 2234 778 2301; x_wconf 84' lang='lat' dir='ltr'><strong>decem3</strong></span> <span class='ocrx_word' id='word_1_129' title='bbox 832 2238 1019 2291; x_wconf 75' lang='lat' dir='ltr'><strong>multo</strong></span> <span class='ocrx_word' id='word_1_130' title='bbox 1045 2252 1185 2291; x_wconf 89' lang='lat' dir='ltr'><strong>auro</strong></span> <span class='ocrx_word' id='word_1_131' title='bbox 1210 2244 1575 2310; x_wconf 81' lang='lat' dir='ltr'><strong>argentoque</strong></span> <span class='ocrx_word' id='word_1_132' title='bbox 1606 2256 1718 2293; x_wconf 84' lang='lat' dir='ltr'><strong>eae-</strong></span> 
     </span>
     <span class='ocr_line' id='line_1_23' title="bbox 201 2312 1715 2385; baseline 0.003 -18"><span class='ocrx_word' id='word_1_133' title='bbox 201 2331 206 2337; x_wconf 82' lang='lat'><em>·</em></span> <span class='ocrx_word' id='word_1_134' title='bbox 248 2312 380 2378; x_wconf 85' lang='lat' dir='ltr'><strong>lata.</strong></span> <span class='ocrx_word' id='word_1_135' title='bbox 447 2312 804 2385; x_wconf 83' lang='lat' dir='ltr'><strong>Sequebatur</strong></span> <span class='ocrx_word' id='word_1_136' title='bbox 864 2314 993 2369; x_wconf 82' lang='lat' dir='ltr'><strong>haee</strong></span> <span class='ocrx_word' id='word_1_137' title='bbox 1052 2313 1337 2385; x_wconf 84' lang='lat' dir='ltr'><strong>equitatus</strong></span> <span class='ocrx_word' id='word_1_138' title='bbox 1408 2314 1715 2371; x_wconf 87' lang='lat' dir='ltr'><strong>duodecim</strong></span> 
     </span>
     <span class='ocr_line' id='line_1_24' title="bbox 250 2390 1715 2463; baseline 0.001 -17"><span class='ocrx_word' id='word_1_139' title='bbox 250 2390 536 2463; x_wconf 79' lang='lat' dir='ltr'><strong>gentium,</strong></span> <span class='ocrx_word' id='word_1_140' title='bbox 578 2388 752 2453; x_wconf 76' lang='lat' dir='ltr'><strong>vaxiis</strong></span> <span class='ocrx_word' id='word_1_141' title='bbox 803 2390 985 2448; x_wconf 72' lang='lat' dir='ltr'><strong>a&#39;rmis</strong></span> <span class='ocrx_word' id='word_1_142' title='bbox 1024 2401 1083 2447; x_wconf 87' lang='lat' dir='ltr'><strong>et</strong></span> <span class='ocrx_word' id='word_1_143' title='bbox 1114 2390 1409 2449; x_wconf 89' lang='lat' dir='ltr'><strong>moribus·</strong></span> <span class='ocrx_word' id='word_1_144' title='bbox 1452 2391 1715 2463; x_wconf 85' lang='lat' dir='ltr'><strong>proximi</strong></span> 
     </span>
     <span class='ocr_line' id='line_1_25' title="bbox 237 2468 1714 2549; baseline 0.002 -24.023"><span class='ocrx_word' id='word_1_145' title='bbox 237 2468 424 2549; x_wconf 86' lang='lat' dir='ltr'><strong>ibant,</strong></span> <span class='ocrx_word' id='word_1_146' title='bbox 465 2485 615 2542; x_wconf 88' lang='lat' dir='ltr'><strong>quos</strong></span> <span class='ocrx_word' id='word_1_147' title='bbox 641 2470 838 2525; x_wconf 86' lang='lat' dir='ltr'><strong>Persae</strong></span> <span class='ocrx_word' id='word_1_148' title='bbox 869 2472 1226 2523; x_wconf 59' lang='lat' dir='ltr'><strong>Immortales</strong></span> <span class='ocrx_word' id='word_1_149' title='bbox 1253 2477 1482 2536; x_wconf 89' lang='lat' dir='ltr'><strong>vocant,</strong></span> <span class='ocrx_word' id='word_1_150' title='bbox 1508 2470 1587 2527; x_wconf 78' lang='lat' dir='ltr'><strong>ad&#39;</strong></span> <span class='ocrx_word' id='word_1_151' title='bbox 1620 2474 1714 2527; x_wconf 86' lang='lat' dir='ltr'><strong>de-</strong></span> 
     </span>
     <span class='ocr_line' id='line_1_26' title="bbox 252 2546 1710 2619; baseline 0.002 -18"><span class='ocrx_word' id='word_1_152' title='bbox 252 2564 384 2603; x_wconf 88' lang='lat' dir='ltr'><strong>cem</strong></span> <span class='ocrx_word' id='word_1_153' title='bbox 425 2546 646 2619; x_wconf 78' lang='lat' dir='ltr'><strong>millia3</strong></span> <span class='ocrx_word' id='word_1_154' title='bbox 690 2548 880 2603; x_wconf 89' lang='lat' dir='ltr'><strong>cultus</strong></span> <span class='ocrx_word' id='word_1_155' title='bbox 926 2546 1239 2617; x_wconf 84' lang='lat' dir='ltr'><strong>opulentiae</strong></span> <span class='ocrx_word' id='word_1_156' title='bbox 1284 2547 1567 2607; x_wconf 82' lang='lat' dir='ltr'><strong>barbarae</strong></span> <span class='ocrx_word' id='word_1_157' title='bbox 1596 2566 1710 2605; x_wconf 89' lang='lat' dir='ltr'><strong>non</strong></span> 
     </span>
     <span class='ocr_line' id='line_1_27' title="bbox 249 2610 1780 2726; baseline 0 -45"><span class='ocrx_word' id='word_1_158' title='bbox 249 2623 390 2682; x_wconf 85' lang='lat' dir='ltr'><strong>alios</strong></span> <span class='ocrx_word' id='word_1_159' title='bbox 415 2624 604 2700; x_wconf 83' lang='lat' dir='ltr'><strong>magis</strong></span> <span class='ocrx_word' id='word_1_160' title='bbox 646 2610 1015 2726; x_wconf 77' lang='lat' dir='ltr'><strong>honestabat·</strong></span> <span class='ocrx_word' id='word_1_161' title='bbox 1070 2623 1154 2681; x_wconf 85' lang='lat' dir='ltr'><strong>iili</strong></span> <span class='ocrx_word' id='word_1_162' title='bbox 1192 2640 1404 2682; x_wconf 84' lang='lat' dir='ltr'><strong>aureos</strong></span> <span class='ocrx_word' id='word_1_163' title='bbox 1454 2634 1709 2701; x_wconf 80' lang='lat' dir='ltr'><strong>torqueS,</strong></span> <span class='ocrx_word' id='word_1_164' title='bbox 1779 2628 1780 2631; x_wconf 73' lang='grc'>’</span> 
     </span>
    </p>
   </div>
   <div class='ocr_carea' id='block_1_6' title="bbox 1777 1419 1782 2799">
    <p class='ocr_par' dir='ltr' id='par_1_6' title="bbox 1777 1419 1782 2799">
     <span class='ocr_line' id='line_1_28' title="bbox 1777 1419 1782 2799; baseline 0 0"><span class='ocrx_word' id='word_1_165' title='bbox 1777 1419 1782 2799; x_wconf 95' lang='lat' dir='ltr'><strong> </strong></span> 
     </span>
    </p>
   </div>
  </div>
 </body>
</html>
