1808 3254
747 218 874 273 325

89 356 392 417 custodiam
415 360 826 421 traderentur.
869 371 1045 439 atque
1084 359 1243 419 idem
1292 361 1405 417 hoc
1446 358 1546 417 d'e

90 449 302 495 eretum
345 449 434 495 est.
471 438 534 497 in
577 440 646 497 L.
673 441 967 509 Cassium,
994 438 1099 513 qui
1126 438 1236 497 sibi
1266 436 1543 514 procura-

89 519 294 575 tionem
326 511 716 576 incendendae
771 519 935 587 nobis
984 520 1440 593 depoposcerat.
1484 516 1547 573 in

93 594 168 651 M.
199 591 560 671 Caeparium,
609 598 703 655 cui
746 600 818 655 ad
861 594 1256 654 sollicitandos
1285 605 1548 669 pastores

91 675 353 748 Apuliam
382 692 511 733 esse
537 675 897 745 attributam,
926 686 1051 732 erat
1076 664 1440 733 indicatum:
1486 674 1549 731 in

93 756 148 810 P.
165 752 428 823 Furium,
455 754 560 829 qui
579 764 667 812 est
697 774 772 811 ex
795 746 886 812 h'is
907 754 1167 822 coloniis,
1194 748 1343 829 quas
1372 756 1551 809 Fesu-

92 835 166 888 las
187 832 252 889 L.
284 827 452 907 Sylla
472 831 753 891 deduxit.
795 832 859 889 in
901 836 977 905 Q.
1008 834 1303 891 Manlium
1345 830 1551 891 Chilo-

95 929 236 979 nem,
280 912 386 985 qui
415 909 534 968 una
559 928 700 967 eum
730 914 844 968 hoe
867 910 1047 969 Furio
1073 928 1313 985 semper
1340 922 1465 967 erat
1488 910 1549 967 in

97 991 194 1045 hac
216 990 603 1066 Allobrogum
632 989 1039 1048 sollicitatione
1062 1001 1362 1046 versatus.
1404 988 1466 1045 in
1483 990 1552 1045 P.
1634 1049 1641 1057 ,

99 1067 476 1135 Umbrenum,
504 1068 843 1129 libertinum
867 1068 1197 1134 hominem,
1232 1089 1266 1125 a
1284 1086 1411 1143 quo
1434 1064 1555 1141 pri-

100 1165 253 1202 mum
307 1148 512 1204 Gallos
562 1148 634 1203 ad
681 1147 1003 1205 Gabinium
1054 1140 1401 1219 perdu'ctos-
1422 1164 1554 1202 esse

98 1228 396 1283 constabat.
440 1222 636 1301 Atque
663 1225 734 1283 ea
759 1226 997 1290 lenitate
1026 1236 1260 1303 senatus
1278 1235 1370 1283 est
1392 1242 1557 1291 usus,

101 1303 386 1373 Qun-itm,
407 1318 473 1371 ut
515 1322 591 1359 ex
638 1306 800 1362 tanta
835 1298 1253 1381 conjuratione,
1276 1307 1555 1377 tantaque

100 1381 156 1437 vi
172 1402 234 1439 ac
259 1378 643 1441 multitudine
662 1382 1121 1441 domesticoriun
1149 1382 1427 1451 hostium,
1454 1399 1559 1438 no-

101 1479 218 1515 vem
257 1462 598 1518 hominum
631 1461 1163 1533 perditissimorum
1216 1466 1379 1535 poen?
1358 1486 1411 1529 ι,
1462 1479 1557 1517 re-

103 1539 320 1609 publica
347 1542 706 1607 conservata,
723 1540 1089 1615 reliquorum
1114 1551 1341 1596 mentes
1366 1540 1559 1598 sanari

103 1633 260 1690 posse
285 1619 702 1680 arbitraretur.
764 1622 969 1700 Atque
1012 1621 1186 1676 etiam
1215 1617 1559 1691 supplicatio

102 1698 200 1754 diis
218 1697 651 1756 immortalibus
671 1711 782 1770 pro
794 1683 1082 1772 singulari
1108 1713 1321 1754 eorum
1412 1696 1561 1752 erito

105 1794 228 1834 meo
251 1774 495 1834 nomine
519 1776 754 1835 decreta
779 1786 890 1836 est
897 1755 1206 1845 Quirites·
1237 1794 1313 1848 qu
1412 1772 1561 1832 mihi

103 1853 358 1930 primtltp
410 1864 541 1926 post
591 1857 740 1924 hanc
778 1857 986 1912 urbem
1027 1853 1319 1910 conditam
1363 1863 1567 1928 togato

106 1934 341 2008 contigit
359 1953 376 1987 τ
403 1942 460 1990 et
485 1934 577 1990 his
592 1934 826 1990 decreta
845 1932 1041 1989 verbis
1058 1942 1165 1998 est,
1186 1934 1351 2002 Quod
1364 1937 1491 1988 urbe
1506 1951 1563 1986 m

103 2014 393 2080 incendiis,
429 2016 569 2068 caede
599 2015 774 2078 cives,
803 2013 1030 2067 Italiam.
1058 2015 1195 2067 bello
1221 2016 1581 2072 liberassem„

106 2091 246 2160 Quae
277 2087 621 2164 supplicatio
646 2089 696 2146 si
720 2109 860 2146 cum
889 2089 1101 2146 ceteris
1128 2089 1563 2165 supplicationi·
1657 2091 1667 2100 “

105 2171 228 2235 ὶιιιε,
269 2168 621 2235 conferatur,
661 2167 945 2236 Quirites»,
988 2169 1099 2224 hoc
1142 2169 1381 2226 interest
1396 2169 1563 2244 quod

107 2257 314 2306 ceterae
359 2251 508 2304 bene
547 2248 738 2320 gesta,
783 2249 910 2303 haec
936 2265 1071 2313 una,
1104 2251 1447 2304 conservata
1475 2264 1565 2304 re-

108 2327 334 2395 publica
361 2325 672 2382 constituta
697 2335 802 2380 est:
885 2325 1083 2398 Atque
1127 2329 1272 2384 illud
1295 2325 1461 2399 ’quod
1486 2325 1568 2384 fa-

111 2404 378 2465 ciendum
403 2403 666 2478 primum
693 2403 821 2470 suit,
862 2403 1081 2462 factum
1116 2415 1289 2480 atque
1314 2417 1569 2462 transac-

109 2493 230 2538 tum
259 2497 366 2539 est.
409 2485 566 2540 Nam
595 2485 660 2540 P.
691 2485 995 2549 Lentulu5‚
1028 2483 1381 2556 quamquam
1406 2493 1568 2556 pate*

113 2559 292 2620 factus
320 2559 566 2629 indiciis,
606 2573 666 2618 et
701 2561 1159 2618 'confessionibus
1186 2560 1326 2629 suis»,
1347 2560 1567 2638 judicio

113 2643 362 2712 senatos,
382 2654 500 2697 non
519 2639 696 2696 modo
723 2639 1041 2696 Praetoris
1022 2658 1138 2715 jus,
1163 2657 1373 2694 verum
1390 2637 1569 2696 etiam

116 2717 250 2774 citis
276 2719 584 2788 amiserat3
622 2729 820 2776 tamen
848 2717 1193 2794 magistratu
1238 2733 1303 2800 se
1346 2715 1572 2778 abdica·

792 2815 831 2850 E.
856 2815 888 2853 e
