1808 3254
867 229 950 292 6⁷

145 375 302 439 inde
317 373 597 466 missilia
583 389 644 432 m
643 382 1095 464 propugnantes
1112 373 1525 450 ingerebantur
1543 387 1638 434 tu-

150 451 386 528 tquuia
401 451 594 528 proris
611 449 784 510 mlles
791 453 1117 526 tegebatur
1147 455 1347 512 Media
1360 459 1481 512 nox
1499 465 1642 525 erat,

155 551 357 622 quum
379 533 646 598 classem,
675 528 842 587 sicuti
859 529 1084 588 dictum
1102 537 1210 599 est,
1235 543 1516 605 paratam,
1532 535 1645 589 cir·

143 609 401 671 cumire
425 627 630 667 muros
653 607 850 686 jubet:
876 604 1115 684 jamque
1130 625 1305 666 naves
1324 610 1451 666 urbi
1477 610 1648 668 undi-

159 707 285 762 que
311 685 795 759 admovebantur,
823 694 882 742 et
911 685 1080 758 Tyrii
1104 687 1514 761 desperatione
1530 699 1649 745 tor·

163 766 426 842 peban‘t3
467 782 651 836 quum
680 761 870 820 subito
898 761 1115 838 spissae
1140 767 1323 822 nubes
1350 766 1648 824 intendere

171 863 239 902 se
268 845 437 912 coelo,
477 853 536 899 et
559 840 838 931 quidquid
876 839 1024 896 lucis
1064 842 1433 900 internitebat
1458 845 1543 901 eff
1542 846 1649 902 usa

126 965 136 970 -
168 920 438 996 caligine
477 920 808 976 extinctum
854 927 959 975 est.
1041 920 1205 976 Tum
1240 919 1651 978 inhorrescens

167 1017 341 1056 mare
382 989 664 1073 paulatim
703 995 931 1064 levar'13
962 989 1185 1066 deinde,
1229 997 1439 1052 acriori
1480 1008 1651 1055 vento

169 1073 551 1144 cbncitatum,
567 1073 953 1132 fluctusciere
975 1083 1032 1129 et
1042 1075 1193 1130 mter
1210 1092 1271 1130 se
1289 1074 1519 1148 navigia
1536 1077 1653 1132 col-

173 1155 382 1211 lidere.
458 1154 703 1224 Jamque
733 1151 918 1208 scindi
946 1157 1243 1224 coeperant
1265 1151 1499 1209 vincula
1529 1153 1657 1223 qui-

171 1233 288 1291 bus
313 1247 598 1288 connexae
625 1229 1027 1306 quadriremes
1048 1241 1228 1298 erant,
1255 1247 1424 1287 ruere
1442 1231 1665 1288 tabula-

174 1319 259 1376 ta,
272 1319 331 1366 et
347 1326 490 1366 cum
505 1302 728 1382 ingenti
749 1304 1014 1382 fragore
1000 1325 1059 1363 ιιι
1038 1307 1430 1401 profundum
1452 1309 1655 1366 secum

172 1385 398 1444 milites
420 1387 674 1454 trahere.
731 1387 941 1458 Neque
961 1383 1119 1443 enim
1140 1396 1402 1446 conserta
1426 1387 1657 1461 navigia

175 1467 300 1524 ulla
323 1468 442 1554 ppe
457 1463 532 1520 in
553 1448 788 1535 tuibido
815 1462 941 1553 regi
968 1473 1265 1538 poterant:
1308 1464 1481 1524 miles
1506 1464 1660 1522 rmn-

175 1542 382 1605 isteria
395 1551 731 1609 nautarum,
751 1541 1020 1629 remiges
1036 1539 1237 1596 militis
1257 1541 1447 1598 officia
1462 1544 1658 1598 turba-

176 1623 358 1683 bant,
407 1619 486 1688 et,
507 1616 698 1691 qu'od
686 1636 746 1675 m
773 1615 1109 1706 hujusmodi
1132 1633 1269 1676 casu
1297 1619 1524 1688 accidit,
1559 1637 1661 1694 pe-

180 1698 281 1756 riti
327 1696 552 1775 ignaris
601 1698 916 1771 parebant3
963 1696 1177 1770 quippe
1223 1697 1660 1771 gubern-annes,

183 1774 368 1833 alias*
354 1792 646 1850 imperare
695 1774 866 1838 soliti,
901 1784 1033 1830 tum
1070 1784 1236 1831 metu
1266 1774 1478 1832 mortis
1496 1774 1661 1873 jussa

181 1855 667 1926 exsequebantur.
749 1854 1039 1910 Tandem
1066 1844 1285 1907 remis
1302 1850 1661 1943 pertinacius

183 1932 596 1989 everberatum
619 1938 802 1997 mare,
829 1931 1009 1987 veluti
1027 1928 1399 2003 eripientibus
1414 1931 1661 2007 navigia,

189 2008 396 2068 classis
425 2006 637 2083 cessit3
673 2002 1039 2105 appulsaque
1068 2016 1201 2065 sunt
1225 2006 1423 2100 littori,
1448 2011 1665 2067 lacera-

183 2089 566 2160 tapleraque.

265 2165 490 2221 Iisdem
507 2164 709 2222 diebus
723 2162 819 2222 fol
819 2152 874 2221 τὲ
893 2164 1469 2249 Carthaginiensium
1488 2167 1660 2242 legati

184 2241 440 2317 triginta
449 2233 882 2313 superveniunt,
899 2244 1090 2319 majus
1108 2242 1357 2300 obsessis
1377 2245 1664 2311 solatium,

184 2338 367 2393 quam
389 2320 702 2387 auxilium,
720 2320 942 2409 quippe
952 2321 1273 2378 domestico
1284 2323 1435 2377 bello
1450 2320 1665 2379 Poenos

188 2396 486 2471 impediri,
511 2412 620 2453 nec
647 2397 752 2454 de
737 2398 1005 2471 lmperio‚
1032 2402 1132 2457 sed
1150 2414 1255 2471 pro
1276 2402 1479 2465 salute,
1496 2400 1665 2457 dimi-

191 2493 327 2532 care
347 2472 740 2531 nunciabant:
769 2473 1115 2549 Syracusani
1134 2487 1271 2532 tunc
1286 2475 1551 2537 Africam
1573 2495 1669 2533 ur·

191 2556 428 2631 gebant,
469 2561 526 2607 et
553 2552 708 2609 haud
733 2554 937 2625 'procul
980 2553 1350 2627 Carthaginis
1375 2554 1561 2611 muris
1587 2556 1669 2611 lo·-

192 2638 472 2687 caeverant
497 2639 701 2686 casua
769 2632 906 2691 Non
930 2640 1125 2689 tamen
1163 2630 1427 2687 defecere
1454 2630 1665 2687 animis

197 2706 388 2781 Tyrii,
404 2724 650 2779 quanqu·
642 2706 740 2764 im
757 2710 856 2781 ab
842 2709 1063 2785 mgenti
1086 2727 1192 2783 spe
1204 2706 1460 2767 destituti
1486 2718 1670 2791 erant,
