1808 3254
782 219 891 312 δεῖ

74 398 249 460 υειιιίὁ
288 405 425 458 ante
448 399 640 458 'siccos
678 400 1031 457 descendere
1077 400 1556 476 superfusum.—

76 480 319 566 Jamque
346 479 555 534 levatis
581 478 825 552 navigiis
843 488 899 535 et
917 481 1038 535 tota
1059 480 1244 536 classe
1272 480 1557 555 dispersa,

80 556 175 626 qui
204 554 457 629 expositi
484 567 668 624 erant,
710 555 968 646 undique
1005 557 1076 614 ad
1107 575 1302 626 naveS‚
1340 560 1554 634 trepidi

80 577 130 687 ἐι
154 633 480 706 improviso
507 636 661 691 malo
688 629 931 716 attoniti,
973 646 1317 693 iecurrunt·
1361 638 1504 694 sed
1487 656 1556 694 m

80 713 331 768 tumultu
356 711 647 769 festinatio
669 731 899 787 quoque
928 715 1091 771 tarda
1117 723 1224 772 est.
1265 714 1350 771 Hi
1368 716 1552 774 contis

77 789 301 864 navigia
344 793 745 866 appellebant·
808 790 891 860 hi,
935 789 1082 849 dum
1122 811 1318 850 remos
1363 793 1551 868 aptari

78 867 467 939 prohibebant,
500 871 779 929 consedel
781 879 915 926 ant
961 871 1196 956 quidam
1239 871 1551 948 enavigare

82 957 465 1020 properantes,
510 949 613 1004 sed
650 965 769 1005 non
808 947 1168 1021 exspectatis
1216 949 1321 1021 qui
1366 950 1550 1008 simul

81 1045 201 1082 tsse
228 1025 525 1092 debebant,
556 1027 756 1084 clauda
778 1037 837 1083 et
857 1025 1136 1082 inhabilia
1167 1025 1404 1114 navigia
1427 1030 1552 1084 lan·
1585 1023 1594 1036 '

78 1099 275 1174 guide
286 1104 710 1162 moliebantur·
695 1148 710 1172 ‚
771 1105 899 1161 aliae
947 1104 1184 1161 navium
1223 1101 1550 1162 inconsulte

78 1189 305 1240 ruentes
329 1200 445 1238 non
475 1183 859 1258 receperant3
899 1181 1234 1256 pariterque
1267 1193 1330 1238 et
1353 1181 1550 1244 multi-

76 1273 90 1314 ¹2
102 1263 207 1317 udo
218 1261 543 1335 etpaucitas
558 1261 893 1318 festinantes
912 1263 1259 1318 morabatur.
1287 1262 1547 1329 Clamor,

78 1340 202 1395 hinc
230 1351 594 1413 exspectare,
620 1339 757 1396 hinc
778 1340 864 1396 ire
888 1338 1244 1418 jubentium,
1265 1339 1544 1400 dissonae-

84 1437 183 1488 que
216 1436 388 1475 voces
410 1437 705 1492 nusquam
750 1418 906 1475 idem
932 1437 1000 1476 ac
1037 1437 1227 1475 unum
1255 1418 1544 1476 tendenti-

82 1513 190 1565 um,
212 1513 331 1552 non
352 1497 665 1554 oculorum
691 1495 866 1553 modo
901 1513 1088 1570 usum·
1103 1499 1205 1554 sed
1236 1497 1414 1554 etiam
1440 1516 1542 1555 au-

86 1573 225 1633 rium
238 1576 609 1646 abstulerant3
624 1593 697 1633 ne
718 1575 776 1633 in
800 1575 1286 1651 gubernatoribus>
1303 1574 1542 1649 quidem

86 1654 389 1729 quidquam
408 1653 541 1727 opis
556 1665 695 1723 erat,
725 1672 976 1729 quorum
997 1672 1104 1710 nec
1135 1654 1400 1711 exaudiri
1427 1673 1542 1711 vox

88 1733 113 1787 a
136 1734 613 1791 tumultuantibus
630 1744 873 1805 poterat,
896 1752 1010 1791 nee
1031 1732 1348 1805 imperium
1375 1730 1409 1787 a
1428 1742 1544 1788 ter-

87 1810 192 1869 ritis
214 1811 734 1885 incompositisque
764 1811 1007 1868 servari.
1049 1810 1211 1884 Ergo
1239 1808 1430 1865 collidi
1458 1809 1544 1865 in-

84 1901 157 1944 ter
173 1909 231 1947 se
247 1908 441 1957 naveS,
458 1890 893 1964 abstergerique
912 1888 1158 1947 invicem
1177 1888 1350 1954 remi,
1369 1897 1427 1944 et
1443 1890 1540 1946 alii

84 1968 308 2025 aliorum
343 1967 574 2044 navigia
610 1987 825 2044 urgere
869 1978 1208 2044 coeperunt:
1254 1967 1560 2037 c1·e‹lereS‚·

86 2064 179 2103 non
204 2045 374 2105 unius
400 2046 696 2105 exercitus
722 2049 972 2104 classem
988 2046 1142 2117 vehi,
1170 2048 1271 2103 sed
1287 2048 1537 2105 duorum

84 2124 303 2183 navale
288 2124 469 2181 misse
502 2136 837 2193 certamem
878 2126 1303 2183 incutiebantur
1328 2127 1538 2199 puppi·

85 2206 169 2259 bus
192 2222 403 2279 prorae,
424 2202 891 2275 premebantur
863 2224 897 2259 a
922 2203 1286 2278 sequentibus
1315 2202 1416 2279 qui
1437 2224 1538 2259 an-

88 2284 392 2341 tecedentes
430 2284 820 2351 turbaverant,
858 2281 1228 2359 jurgantium
1277 2281 1366 2338 ira
1405 2299 1539 2355 per·

90 2360 325 2419 xeniebat
350 2360 529 2417 etiam
554 2362 625 2418 ad
651 2378 885 2419 manus-

148 2440 387 2514 Jamque
432 2450 614 2501 aestus
655 2450 805 2497 totos
832 2437 986 2497 circa
1027 2438 1248 2495 flumen
1294 2452 1538 2510 campos

92 2519 451 2586 inundaverat,
465 2519 711 2575 tumulis
726 2520 1007 2586 duntaxat
1026 2513 1421 2573 eminentibus
1442 2534 1538 2571 ve-

93 2599 159 2652 lut
195 2594 398 2654 insulis
442 2596 655 2687 parvis,
701 2596 759 2652 in
804 2614 952 2669 quos
997 2595 1264 2669 plerique
1299 2590 1537 2663 tiepidi‚

93 2674 289 2732 omissis
336 2673 585 2769 navigiis
625 2692 797 2732 enare
844 2680 1172 2747 coeperunt.
1257 2668 1538 2764 Dispersa

95 2753 263 2811 classis
280 2750 498 2827 partim
519 2754 579 2811 in
598 2754 839 2880 ρνπειὶἑει
864 2755 1019 2825 aqua
1048 2751 1253 2815 stabat,
1272 2744 1390 2819 qua
1403 2745 1538 2799 sub-

688 2844 725 2877 fl
