1808 3254
796 259 879 310 55

94 407 339 472 tumque
382 399 687 456 obscurior
710 401 891 456 turba.
975 401 1368 460 Macedonum
1422 419 1565 475 quo·

96 493 205 547 que
240 495 376 552 non
426 477 667 552 quidem
718 477 914 549 multi,
969 482 1070 539 sed
1135 477 1564 552 promptissimi

90 564 309 623 tamen,
339 557 485 614 caesi
511 565 687 624 sunt3
729 555 879 613 inter
904 575 1052 630 quos
1080 557 1396 616 Alexandri
1421 559 1564 616 dex-

90 642 242 690 trum
270 633 481 690 femur
506 633 713 692 leviter
738 651 1022 694 mucrone
1050 635 1428 712 perstrictum
1453 647 1562 694 est.

92 773 99 777 ,
162 711 425 786 Jamque
464 713 576 786 qui·
613 713 861 770 Darium
902 717 1190 774 vehebant
1227 715 1386 790 equi,
1425 733 1564 774 con-

92 788 230 846 fossi
256 791 465 849 hastis
486 800 549 848 et
563 792 767 850 dolore
793 792 1076 860 efferati,
1055 811 1276 870 jugum
1303 805 1565 868 quatere,

86 877 149 924 et
198 887 417 944 regem
444 889 623 927 curru
664 880 946 934 exemere
983 882 1326 944 coeperant;
1370 891 1562 948 quum

84 945 219 1018 ille,
233 949 456 1005 veritus
484 967 559 1006 ne
600 949 771 1006 vivus
796 950 1023 1006 veniret
1061 949 1124 1006 in
1167 913 1419 1008 hostium
1460 969 1564 1028 po-

90 1034 385 1094 testatem,
424 1028 635 1094 desilit,
677 1038 737 1083 et
774 1027 839 1083 in
878 1046 1120 1100 equum,
1181 1028 1282 1102 qui
1339 1031 1412 1086 ad
1450 1031 1564 1086 hoc

84 1109 463 1196 sequebatur,
530 1103 888 1181 imponitur3
957 1105 1288 1180 insignibus
1331 1124 1563 1182 quoque

89 1181 344 1271 imperii,
384 1203 459 1241 ne
487 1183 693 1282 fugam
719 1185 1048 1258 proderent,
1065 1183 1338 1242 indecore
1373 1185 1564 1263 abjec-

88 1261 179 1316 n'S.
223 1265 391 1320 Tum
432 1262 573 1320 vero
614 1267 793 1322 ceteri
856 1262 1216 1335 dissipantur
1257 1273 1438 1334 metu,
1501 1275 1562 1322 et

91 1344 207 1414 qua
234 1344 453 1416 cuique
479 1344 713 1416 patebat
736 1347 807 1404 ad
834 1341 1039 1416 fugam
1089 1341 1186 1399 via
1222 1353 1560 1415 erumpunt,

90 1438 258 1476 arma
296 1419 579 1501 jacientes
606 1439 739 1495 quae
782 1419 956 1496 paulo
1007 1431 1138 1477 ante
1193 1423 1265 1479 ad
1313 1425 1561 1480 tutelam

88 1512 407 1572 corporum
474 1511 883 1574 sumpserant:
957 1497 1100 1556 adeo
1135 1515 1335 1574 pavor
1379 1501 1562 1558 etiam

92 1579 313 1637 auxilia
350 1577 661 1639 formidat!
706 1581 958 1637 Instabat
985 1565 1338 1653 fugientibus
1377 1597 1562 1653 eques
1583 1612 1602 1636 ι

92 1678 125 1715 a
148 1648 535 1718 Parmenione
552 1660 787 1732 missus,
806 1670 866 1716 et
888 1656 1073 1714 forte
1060 1672 1120 1711 m
1147 1658 1206 1713 id
1230 1674 1412 1715 cornu
1437 1676 1564 1723 om-

90 1756 197 1795 nes
214 1734 359 1812 fuga
378 1740 713 1798 abstulerat.
750 1736 861 1795 At
848 1756 910 1793 ιιι
925 1738 1133 1793 dextro
1148 1736 1348 1793 Persae
1371 1736 1564 1794 Thes-

96 1820 244 1874 salos
288 1816 545 1889 equites
554 1817 936 1875 vehementer
976 1815 1276 1887 urgebant,
1318 1810 1562 1889 jamque

94 1914 207 1953 una
232 1897 333 1951 ala
351 1895 482 1967 ipso
510 1896 737 1968 hnpetu
778 1893 1114 1967 proculcata
1155 1902 1331 1957 erat;
1375 1908 1562 1965 quum

98 1972 388 2043 Thessali,
428 1972 680 2031 strenue
712 1969 1085 2039 circumactis
1133 1970 1296 2043 equis
1336 1968 1563 2047 dilapsi,

97 2050 337 2112 rursus
322 2070 383 2108 ιιι
408 2052 707 2144 praelium
705 2052 978 2117 redeunt,
1007 2066 1353 2123 sparsosque
1375 2060 1434 2107 et
1475 2051 1562 2109 in-

93 2132 441 2206 compositos
479 2130 736 2207 victoriae
779 2128 988 2190 fiducia
1030 2128 1298 2185 barbaros
1325 2128 1563 2205 ingenti

96 2214 251 2271 caede
275 2218 668 2281 prosternunt.
772 2206 928 2281 Equi
976 2205 1192 2280 pariter
1217 2207 1560 2282 equitesque

98 2291 421 2354 Persarum,
462 2289 611 2345 serie
650 2286 1002 2345 laminarum
1055 2303 1286 2359 graves,
1308 2302 1560 2382 agmen,

100 2370 243 2443 quod
274 2366 573 2425 celeritate
598 2363 859 2427 maxime
892 2373 1130 2429 constat,
1173 2360 1357 2453 aegre·
1347 2364 1561 2421 molie-

97 2450 340 2513 bantur,
384 2444 603 2520 quippe
648 2445 705 2501 in
734 2441 1201 2517 circumagendis
1227 2441 1394 2514 equis
1437 2444 1561 2501 suis

101 2528 147 2583 '1
151 2524 360 2584 hessali
427 2526 647 2590 multos
708 2530 1145 2594 occupaverant.
1247 2520 1384 2575 Hac
1435 2530 1560 2577 tam

97 2605 371 2681 prospera
422 2604 627 2677 pugna
678 2600 970 2669 nunciata,
1022 2598 1381 2665 Alexander,
1441 2616 1560 2655 ιιοιι

100 2694 222 2739 ante
248 2698 426 2739 ausus
466 2681 739 2754 persequi
764 2681 1056 2744 barbarOS,
1105 2676 1407 2748 utrimque
1429 2674 1560 2751 jam

98 2758 291 2830 victor,
312 2760 530 2857 instare
552 2756 912 2836 fugientibus
949 2754 1139 2831 coepit.
1217 2754 1394 2813 Haud
1437 2771 1564 2811 am-
