1808 3254
781 315 865 371 45

79 465 278 516 turum
325 467 456 516 esse
504 458 794 532 promisit.
835 458 1005 523 Num
1028 460 1385 534 promissum
1430 453 1563 534 ejus

83 537 362 609 placebat,
387 548 607 612 praeter
629 537 826 612 ipsum
851 539 1027 616 cujus
1042 540 1309 614 periculo
1325 535 1562 612 pollice-

77 615 255 673 batur.
299 614 525 674 Omn-ia
558 617 778 694 quippe
816 615 1051 678 facilius
1091 617 1277 694 quam
1328 635 1559 675 moram

82 695 312 768 perpeti
355 705 601 770 poterat.
711 699 902 754 Arma'
947 707 1006 753 et
1048 696 1207 754 acies
1272 697 1333 754 in
1378 695 1564 752 oculis

81 782 269 842 erant,
324 784 384 832 et
435 772 745 832 victoriam
778 774 840 831 in
885 791 957 832 eo
980 775 1231 850 positam
1260 793 1389 832 esse
1414 771 1565 832 arbi-

80 851 362 921 trabatur,
393 851 448 908 si
474 851 706 910 tantum
732 862 863 910 ante
883 851 1054 928 signa
1068 863 1223 911 stare
1248 851 1561 926 potuisset;

79 925 359 1003 idipsum,
385 933 540 1004 quod
565 942 698 1003 post
721 932 882 988 diem
900 931 1144 989 tertium
1164 930 1563 988 medicamen-

79 1015 215 1064 tum
241 1019 589 1082 sumpturus
615 1019 773 1068 esset
796 1007 906 1084 (ita
932 1008 1093 1066 enim
1111 1009 1377 1068 medicus
1406 1025 1562 1081 prae-

79 1083 342 1162 dixerat)
373 1085 772 1161 aegre'ferens.
815 1087 981 1144 Inter
1005 1089 1136 1146 haec
1164 1084 1198 1143 εἴ
1225 1086 1561 1144 Parmenio-

78 1179 174 1233 ne,
213 1162 522 1222 fidissimo
541 1175 1040 1240 purpuratorum,
1062 1166 1289 1222 litteras
1330 1161 1565 1238 accipit,

81 1240 297 1314 quibus
322 1253 380 1300 et
405 1245 780 1302 denuntiabat
817 1261 893 1301 ne
940 1247 1193 1302 salutem
1226 1261 1395 1302 suam
1422 1243 1563 1300 Phi·

79 1320 237 1394 lippo
263 1321 666 1380 committeret
687 1344 704 1391 ;
729 1322 896 1382 mille
918 1321 1172 1391 talentis,
1217 1320 1253 1380 a
1278 1321 1477 1388 Dat-in,
1503 1331 1565 1379 et

79 1415 186 1471 spe
217 1399 562 1474 nuptia-rum
589 1400 805 1458 sororis
849 1399 982 1490 ejus
1034 1409 1561 1474 esse-corruptum.

79 1473 397 1552 Ingerstem
463 1475 670 1536 animo
711 1479 1165 1538 sollic1tudinem
1206 1479 1418 1538 litterae
1472 1477 1560 1534 in-

79 1565 390 1614 cusserant
419 1578 436 1625 ;
479 1567 542 1614 et
578 1552 860 1633 quidquid
885 1557 949 1615 in
989 1568 1303 1632 utramque
1327 1565 1563 1631 partem

79 1644 177 1690 aut
203 1645 404 1693 metus
445 1645 552 1693 aut·
595 1654 728 1711 spes
781 1633 1128 1713 subjecerat,
1150 1640 1379 1693 secreta
1406 1636 1562 1693 aesti-

16 1780 24 1789 ,
77 1711 334 1770 matione
376 1715 672 1786 pensabat.
739 1713 951 1785 Bibere
974 1730 1372 1789 perseverem,
1399 1722 1481 1781 utq
1508 1713 1559 1769 si

78 1806 379 1849 venenum
405 1792 613 1849 datum
646 1790 843 1863 fuerit,
871 1790 947 1851 ne
972 1792 1274 1868 immerito
1300 1790 1559 1863 quidem,

79 1869 366 1943 quidquid
399 1868 694 1940 acciderit,
730 1871 994 1928 evenisse
1020 1866 1331 1928 videatur?
1372 1869 1560 1925 Dam-

76 1962 220 2003 nem
246 1946 461 2005 medici
485 1946 667 2007 fidem
695 1948 716 2005 ?
759 1950 820 2006 in
859 1944 1236 2007 tabernaculo
1266 1965 1415 2029 ergo
1457 1966 1559 2004 me

75 2026 332 2099 opprimi
357 2024 582 2101 patiar?
625 2029 710 2087 At
735 2026 919 2088 satius
944 2037 1033 2103 est
1058 2026 1245 2085 alieno
1268 2044 1367 2083 me
1404 2026 1559 2084 mori

16 2152 18 2157 .
79 2105 321 2173 scelere,
349 2103 529 2179 quam
554 2116 723 2163 metu
753 2124 909 2163 mee.
990 2104 1116 2163 Diu
1164 2104 1360 2163 animo
1384 2104 1445 2161 in
1472 2103 1559 2161 di-

16 2198 18 2249 g
79 2198 249 2239 versa
293 2195 542 2252 versatu,
565 2184 710 2262 nulli
727 2183 868 2257 quid
893 2184 1180 2258 scriptum
1202 2192 1359 2241 esset
1376 2199 1556 2241 enun-
1608 2251 1617 2263 ⁸

16 2266 19 2285 '·
80 2258 218 2325 tiat3
265 2260 710 2335 epistolamque,
737 2262 931 2337 sigillo
957 2262 1157 2319 annuli
1184 2260 1273 2319 sui
1300 2261 1553 2335 impres·

81 2356 224 2409 sam,
248 2337 497 2410 pulvino
524 2339 621 2397 cui
646 2340 1017 2397 incumbebat
1035 2339 1295 2417 subjecit.
1318 2362 1330 2373 ⁵

153 2419 320 2478 Inter
361 2419 468 2475 has
510 2416 891 2493 cogitationes
929 2418 1101 2475 biduo
1134 2418 1461 2489 absumpto,
1486 2415 1556 2475 il-

81 2494 226 2552 luxit
254 2493 292 2551 εὶ
317 2494 554 2552 medico
580 2494 900 2553 destinatus
912 2494 1056 2564 dies,
1086 2504 1145 2551 et
1161 2493 1263 2553 ille
1280 2512 1422 2553 cum
1450 2513 1556 2569 po-

83 2573 208 2630 culo
248 2570 314 2629 in
351 2588 473 2647 quo
497 2572 999 2631 medicamentum
1016 2570 1272 2649 'diluerat
1302 2572 1561 2635 intravit«

79 2650 210 2720 Quo
249 2650 380 2708 viso
420 2653 761 2709 Alexander
799 2654 985 2710 levato
1025 2668 1271 2725 corpore
1310 2652 1371 2709 in
1398 2650 1559 2709 cubi.-

79 2738 221 2795 tum,
247 2728 560 2801 epistolam
587 2729 622 2787 εἴ
647 2728 1030 2806 Parmenione
1044 2730 1290 2788 missam
1318 2726 1554 2804 sinistra

16 2866 19 2889 l
80 2824 254 2867 manu
278 2817 505 2879 tenena,
533 2806 747 2882 accipit
769 2808 1051 2887 poculum
1077 2816 1133 2863 et
1157 2804 1353 2863 haurit
1374 2803 1558 2859 inter·
