1808 3254
834 234 952 291 ιιι
1033 194 1041 211 ’

100 380 463 461 taminibus
486 378 649 437 haud
675 376 864 437 fenne
890 382 994 454 plu
1003 398 1099 439 res
1125 378 1438 459 Saguntini
1465 388 1635 445 cade-

100 442 303 527 bant,
326 478 507 537 quam
536 459 721 517 Poeni.
764 459 852 515 Ut
877 458 1018 515 verb
1045 462 1337 519 Annibal
1323 482 1466 539 ipse,
1488 462 1634 523 dum

127 556 394 599 murum
412 532 707 595 incautius
731 537 910 599 subit,
933 538 1249 597 adversum
1278 541 1475 601 femur
1509 533 1633 600 'tra-

126 620 293 694 gulfi,
321 617 579 704 g1aviter
604 614 755 673 ictus
792 616 1044 673 cecidit·
1086 628 1247 676 tanta
1285 619 1446 677 circa
1492 621 1634 697 fuga

128 716 206 754 ac
234 693 551 770 trepidatio
566 693 693 761 fuit,
712 704 777 751 ut
794 712 913 750 non
933 693 1190 753 multum
1219 699 1466 769 abesset,
1493 700 1638 775 quin

124 790 326 849 opera
352 792 420 829 ac
447 772 634 829 vineae
664 774 1090 836 desererentur.

217 851 474 911 Obsidio
501 848 707 913 deinde
727 868 837 923 per
856 870 1077 927 paucos
1095 853 1220 911 dies
1234 856 1430 932 magis
1453 854 1636 935 quam

128 929 511 1007 oppugnatio
538 928 663 999 fuit,
704 926 851 984 dum
878 930 1088 989 vulnus
1117 933 1282 990 ducis
1309 949 1630 1009 curaretur.

130 1013 263 1069 Per
290 1010 451 1083 quod
476 1018 718 1081 tempus
760 1018 829 1065 ut
854 1006 1026 1081 quies
1070 1010 1459 1069 certaminum
1488 1022 1630 1079 erat,

130 1087 223 1145 ita
250 1086 323 1144 ab
350 1094 631 1161 apparatu
660 1101 914 1161 operum
956 1104 1025 1142 ac
1054 1089 1448 1147 munitionum
1478 1090 1629 1148 nihil

128 1176 468 1224 cessatum.
549 1164 758 1238 Itaque
784 1166 979 1226 acrius
1004 1168 1077 1223 de
1092 1166 1338 1253 integro
1365 1168 1640 1227 obortum

132 1254 235 1303 est
263 1246 503 1311 beilum,
530 1244 918 1317 pluribusque
957 1242 1239 1319 par-tibus,
1283 1245 1382 1303 vix
1423 1247 1639 1321 accipi·

130 1322 382 1381 entibus
408 1321 755 1397 quibusdam
782 1338 960 1393 opera
986 1323 1148 1392 locis,
1194 1324 1383 1383 vineae
1425 1337 1636 1399 coeptae

132 1403 265 1477 agi,
290 1399 709 1475 admoverique
744 1400 919 1459 aries.
981 1404 1330 1461 Abundabat
1373 1404 1640 1463 multitu-

131 1483 284 1541 dine
311 1479 621 1535 hominum
640 1480 893 1549 Poenus;
929 1482 999 1537 ad
1016 1492 1255 1539 centum
1283 1481 1445 1541 enim
1473 1484 1640 1559 quin-

134 1558 449 1636 quaginta
454 1556 639 1615 millia
668 1558 938 1615 habuisse
984 1559 1042 1616 in
1071 1559 1254 1617 armis
1281 1562 1420 1619 satis
1449 1561 1639 1619 credi-

97 1642 106 1651 ’
130 1653 267 1697 tur.
352 1635 650 1710 Oppidani
674 1637 744 1692 ad
770 1639 970 1694 omnia
995 1640 1212 1696 tuenda
1207 1650 1402 1728 atque
1423 1643 1640 1699 obeun-

133 1721 216 1776 da
240 1705 602 1773 multimoda
620 1725 742 1772 arte
761 1715 1028 1774 distineri
1047 1715 1223 1788 coepti
1245 1728 1419 1776 sunt.
1450 1729 1508 1776 et
1521 1735 1640 1776 nou

136 1794 535 1855 sufficiebant.
614 1795 651 1851 J
651 1811 748 1850 am
773 1794 935 1851 enim
982 1793 1340 1853 feriebantur
1363 1795 1638 1856 arietibus
1681 1825 1697 1842 ‹

136 1872 329 1935 muri.
370 1877 679 1952 Quassatae
728 1881 962 1947 quoque
1001 1875 1203 1932 multae
1234 1886 1426 1948 partes
1452 1887 1634 1933 erant.

139 1954 291 2010 Una
316 1947 746 2010 continentibus
797 1951 987 2009 ruinis
1026 1955 1216 2013 ιιιιόειι
1220 1965 1344 2010 erat
1390 1955 1638 2014 urbem·

137 2045 268 2090 tres
314 2031 595 2102 deinceps
634 2039 844 2098 turreS,
886 2041 1326 2124 quantumque·
1345 2034 1498 2090 inter
1540 2053 1640 2092 eas

136 2109 307 2169 muri
336 2128 403 2165 ei
406 2120 492 2175 at,
510 2127 649 2166 eum
676 2105 914 2184 fragore
957 2104 1179 2184 ingenti
1222 2112 1639 2185 prociderant·

138 2201 511 2262 captumque
528 2185 815 2277 oppidurn
840 2207 911 2243 ea
931 2186 1102 2244 ruina
1123 2189 1490 2248 crediderant
1510 2194 1640 2248 Poe-

138 2269 233 2336 ni,
261 2285 401 2341 qua,
428 2268 591 2322 velut
610 2265 659 2320 si
688 2265 906 2340 pariter
933 2279 1209 2342 utrosque
1231 2287 1442 2328 murus
1459 2270 1644 2329 texis-

140 2355 263 2414 set,
287 2343 369 2401 ita
396 2345 697 2418 utrimque
740 2341 801 2400 in
846 2362 1110 2420 pugnam
1151 2365 1506 2420 procursum
1533 2361 1641 2406 est.

142 2425 323 2484 Nihil
348 2421 740 2496 tumultuaria:
768 2441 985 2496 pugnae
1015 2424 1206 2484 simile
1253 2439 1394 2496 erat,
1438 2429 1642 2501 quales

140 2506 207 2563 i'n
263 2502 799 2594 oppugnatiOnibus
844 2503 1082 2559 urbium
1124 2523 1228 2576 per
1268 2505 1640 2562 occasionem

142 2582 337 2661 partis
363 2579 601 2640 alterius
628 2581 854 2638 censeri
884 2583 1108 2638 solent.
1141 2585 1240 2640 sed
1256 2584 1433 2672 justae
1464 2584 1642 2654 acies,

143 2664 313 2720 velut
348 2657 581 2738 patenti
591 2677 821 2735 camp0,
846 2660 999 2718 inter
1037 2658 1237 2719 ruinas
1279 2660 1437 2722 muri
1462 2672 1642 2720 tecta-
