1808 3254
917 205 997 260 88

231 349 516 426 petitum;
543 347 668 438 jam
686 347 832 408 nihil
853 347 1055 424 gloriae
1072 329 1297 414 deesse,
1317 343 1473 406 nihil
1486 349 1715 406 obstare

229 427 469 484 virtutiz
515 428 640 484 sine
668 429 788 485 ullo
818 427 1031 484 Martis
1048 425 1411 496 discrimine,
1432 423 1561 483 sine
1592 443 1717 484 san-

230 505 412 581 guine
457 508 662 564 orbem
689 515 862 562 terrae
891 507 963 562 ab
990 497 1105 564 iuis
1132 504 1298 578 capi3
1340 521 1415 561 ne
1441 513 1713 562 naturam

227 585 471 673 quidem
496 583 734 664 longius
760 601 933 658 posse
960 583 1303 671 plocedere5
1322 578 1526 638 brevi
1511 599 1715 657 incog-

225 662 364 720 nita
391 662 504 720 nisi
525 651 975 752 immortalibus,
1004 680 1134 718 esse
1152 659 1417 719 visuro&
1486 661 1711 718 Paucos

226 749 425 798 tamen
443 738 679 815 navigio
699 739 898 797 emisit
917 739 978 795 in
996 740 1187 814 ripam
1204 738 1319 826 ,qni
1334 747 1603 815 agrestes
1618 758 1713 795 va-

227 834 340 894 gos
367 824 612 892 excipei
614 829 730 886 ent,
771 816 804 873 ὲ
829 818 1048 906 quibus
1072 815 1325 878 certiora
1346 817 1514 874 nosci
1539 835 1713 890 posse

225 899 520 970 sperabat·
561 895 666 964 illi,
707 895 948 965 scrutati
977 894 1187 964 omnia
1184 893 1488 992 tuguria,
1476 895 1711 952 tandem

198 969 470 1034 ‘latentes
490 995 520 1033 1
523 979 786 1050 epm-ere,
803 975 923 1049 qui,
948 967 1288 1054 interrogati
1306 973 1489 1046 quam
1502 989 1583 1051 px
1580 975 1713 1028 ocul

185 1083 190 1090 ·
225 1055 454 1112 abesset
463 1073 648 1124 mare,
657 1047 1093 1132 responderunt
1104 1049 1368 1110 ιιιιΙΙιιιιι
1352 1067 1528 1126 lpsos
1534 1069 1713 1118 mare,

225 1142 302 1189 ne
330 1133 490 1190 fama
530 1121 786 1205 quidem,
827 1131 1159 1205 accepisse:
1214 1127 1513 1206 ceterum,
1546 1129 1712 1186 tertio

223 1209 318 1266 die
339 1208 638 1284 perveniri
649 1228 822 1283 posse
841 1211 913 1266 ad
930 1226 1140 1282 aquam
1156 1224 1415 1272 amaram
1434 1225 1574 1281 quae
1596 1225 1713 1264 cor·

226 1297 535 1359 rumpeiet
549 1287 816 1348 dulcem.
896 1289 1270 1362 Intellectum
1297 1296 1387 1345 est
1402 1305 1569 1362 mare
1595 1287 1716 1344 des·

223 1365 401 1422 tinari
428 1365 545 1422 ab
530 1366 754 1440 ignaris
795 1373 1052 1423 naturae
1038 1365 1224 1442 ejus:
1270 1363 1473 1438 itaque
1494 1363 1723 1446 ἱιιξειιιί

223 1441 518 1503 alacritate
538 1441 756 1502 nautici
773 1445 1087 1520 remigant,
1105 1455 1165 1501 et
1178 1439 1457 1518 proximo
1482 1452 1712 1520 quoque

221 1521 338 1589 die,
367 1539 483 1596 quo
497 1521 756 1612 ‘propius
783 1541 923 1598 spes
953 1525 1393 1611 admovebatur,
1428 1523 1716 1579 crescebat

220 1600 395 1691 ardor
421 1600 778 1659 animorum.
823 1600 1076 1661 Tertio
1056 1619 1186 1677 jam
1212 1599 1307 1659 die
1332 1599 1603 1659 mixtum
1613 1598 1715 1655 flu-

219 1678 373 1737 mini
398 1680 640 1739 subibat
635 1698 822 1753 mare,
837 1680 955 1739 leni
976 1679 1167 1737 adhuc
1206 1689 1358 1739 aestu
1372 1678 1716 1737 confunden-

176 1756 199 1789 ·‘
217 1767 278 1815 te
301 1756 564 1850 dispares
581 1760 784 1819 undas,
823 1754 988 1817 Tum
1016 1758 1191 1820 aliam
1208 1758 1492 1825 insulam,
1518 1756 1713 1837 medio

219 1836 384 1895 amni
412 1839 604 1911 sitam,
645 1840 837 1897 evecti
863 1836 1053 1913 paulo
1072 1836 1313 1905 lentius,
1342 1836 1482 1911 quia
1508 1852 1713 1893 cursus

225 1926 376 1981 aestu
403 1918 900 1983 reverberabatur‚
942 1898 1242 1991 apsilicant
1270 1918 1545 2003 classem,
1570 1924 1630 1971 et
1652 1914 1716 1971 ad

220 1990 590 2081 commeatus
615 1996 901 2091 petenclos
924 1996 1285 2063 discurrunt,
1328 2011 1529 2076 securi
1555 1994 1713 2053 casus

187 2074 196 2079 '
222 2069 355 2147 ejus
384 2072 483 2143 qui
515 2067 860 2144 supeivenit
885 2072 1128 2148 ignaris

303 2147 514 2205 Tertia
555 2147 740 2205 ferme
790 2152 937 2207 hora
978 2136 1121 2220 erat,
1171 2169 1357 2225 quum
1404 2153 1557 2209 stata
1598 2149 1711 2208 vice

219 2222 513 2285 Oceanus
541 2236 884 2287 exaestuans
914 2230 1112 2286 invehi
1152 2230 1327 2302 coepit
1354 2239 1433 2290 et
1439 2228 1597 2287 retro
1620 2228 1713 2285 flu-

221 2320 364 2361 men
391 2322 646 2381 urgere·
633 2346 648 2373 ,
693 2306 850 2379 quod
894 2306 1093 2381 primo
1138 2310 1489 2398 coercitum,
1520 2304 1711 2365 deinde

220 2382 636 2441 vehementius
649 2388 910 2458 pulsum,
923 2386 1041 2462 maj
1048 2405 1149 2445 ore
1164 2386 1394 2479 impetu
1408 2382 1711 2445 adversum

223 2462 508 2535 agebatur
531 2460 711 2537 quam
741 2464 1019 2523 torrentia
1038 2465 1335 2541 praecipiti
1356 2464 1549 2523 alveo
1532 2481 1710 2523 incur·

193 2563 201 2575 ·
223 2548 380 2597 runt
442 2542 652 2631 Ignota
675 2544 854 2618 vulgo
874 2542 1012 2601 freti
1034 2553 1241 2601 natura
1267 2555 1411 2609 erat,
1434 2552 1707 2607 monstra-

220 2634 342 2689 que
371 2628 430 2675 et
455 2616 562 2677 irae
591 2621 770 2677 deum
813 2618 1032 2677 indicia
1072 2638 1317 2681 cernere
1358 2620 1705 2680 videbantur

229 2695 562 2755 Identidem
603 2692 1008 2758 intumescere
1042 2715 1231 2771 mare,
1272 2710 1333 2759 et
1376 2700 1439 2757 in
1480 2716 1706 2777 campos
