1808 3254
150 84 177 110 U

809 126 937 198 392

109 270 464 351 deprehensi
490 271 734 329 sceleris
762 267 976 345 sponte
1001 278 1274 331 mortem
1304 272 1629 344 sumpsisse

110 354 496 428 confingeret.
537 344 790 406 Interim
810 351 1058 423 vulgato
1082 348 1456 437 Agrippinae
1486 350 1631 423 peri-

109 434 263 499 cu10‚
301 429 475 507 quasi
519 443 660 485 casu
685 424 1017 499 evenisset..
1049 437 1119 483 ut
1167 426 1431 499 quisque
1476 445 1629 485 acce·

109 520 296 583 perat,
321 510 639 565 decurrere
663 505 738 561 ad
763 504 949 563 littus.
1032 504 1121 563 Hi
1140 504 1416 561 molium
1440 505 1627 581 objec-

107 601 222 644 tus
251 588 312 644 hi
337 586 645 661 proximas
669 584 921 655 scaphas
947 582 1280 641 scanderte
1326 580 1432 644 alii
1457 600 1629 655 quan-

108 681 244 723 tum
269 680 483 737 corpus
507 662 752 733 sinebat,
780 662 1001 719 vadere
1042 662 1103 717 in
1147 678 1351 729 mare,
1399 658 1627 734 quidam

109 762 322 803 manus
339 744 714 830 protendere.
793 740 1142 812 Questibus‚
1164 738 1351 806 votis,
1380 740 1649 814 clamore,

107 822 343 879 diversa
381 817 792 895 rogitantium,
835 828 967 875 aut
990 816 1227 873 incerta
1274 817 1629 892 responden·

109 897 286 969 tium,
335 896 536 955 omnis
583 916 725 955 ora
738 896 1065 969 compleri:
1112 894 1393 955 adfluere
1421 896 1631 986 ‘ingens

111 976 432 1035 multitudo
473 994 619 1033 cum
662 974 1013 1044 luminibus,
1052 983 1238 1045 atque
1266 968 1385 1032 ubi
1420 973 1631 1031 incolu-

3 1057 21 1075 ‘
111 1075 280 1113 mem
309 1074 440 1113 esse
464 1054 786 1129 pernotuit,
836 1064 910 1109 ut
950 1054 1051 1110 ad
1065 1054 1471 1143 gratandum,
1513 1070 1633 1124 sese

112 1134 415 1225 expedi-re,
453 1134 642 1190 donec
681 1143 933 1206 aspectu
964 1130 1177 1199 armati
1206 1142 1275 1187 et
1301 1130 1634 1193 minitantis

113 1210 372 1286 agminis
395 1210 631 1287 disjecti
659 1222 813 1267 sunt.
844 1210 1135 1268 Anicetus
1150 1210 1375 1267 villam
1396 1208 1639 1266 statione

115 1291 462 1356 circumdat,
479 1288 889 1361 refractaque
867 1291 1072 1378 janua,
1068 1288 1303 1345 ‘obvios
1322 1301 1538 1344 servm
1540 1306 1641 1345 um

115 1367 336 1439 arripit,
379 1368 566 1422 donec
610 1366 708 1423 ad
732 1365 896 1423 sores
932 1365 1193 1423 cubieuli
1221 1364 1508 1422 veniret:
1548 1366 1643 1431 cui

113 1444 286 1520 pauci
313 1444 631 1512 adstabant,
656 1444 872 1501 ceteris
895 1455 1021 1501 teri
1024 1462 1129 1502 ore
1153 1443 1649 1518 irrumpentium

115 1520 436 1581 exterritis,
505 1522 796 1581 Cubiculo
837 1522 1151 1579 modicum
1178 1524 1405 1580 lumen
1436 1521 1651 1592 inerat,

116 1613 176 1660 et
221 1602 569 1662 ancillarum
609 1616 763 1660 una.
819 1600 1023 1678 magis
1062 1603 1145 1658 ac
1199 1600 1417 1677 magis
1464 1599 1651 1658 anxia

117 1681 473 1756 Agrippina,
499 1681 659 1756 quod
683 1693 863 1737 nemo
891 1701 928 1737 a
953 1679 1096 1748 filio,
1120 1697 1192 1736 ac
1218 1697 1300 1736 ne
1324 1677 1650 1756 Agerinus

118 1760 396 1834 quidem.
439 1758 619 1820 aliam
645 1743 991 1816 fere‘littore
1018 1757 1292 1834 faciem,
1299 1775 1479 1817 nunc
1496 1757 1655 1814 soli·

115 1837 384 1894 tudinem
431 1856 500 1896 ac
543 1837 896 1912 repentinos
907 1834 1233 1928 strepitus-{s
1264 1843 1330 1892 ct
1378 1833 1653 1900 extremi

116 1915 259 1978 mali
286 1914 513 1972 indicia.
556 1919 842 1980 Abeunte
845 1910 1067 1972 dehinc
1093 1914 1339 1983 ancilla,
1370 1915 1657 1987 Tuquo÷

117 2011 235 2081 que
263 2011 363 2050 me
389 1993 632 2060 deseris,
657 1995 981 2068 prolocuta,
1016 1991 1267 2068 respicit
1295 1991 1653 2053 Anicetum

117 2070 444 2128 trierarcho
474 2073 794 2141 ,Herculeo
843 2082 911 2130 et
950 2069 1222 2133 Oloarito
1275 2069 1652 2128 centurione

117 2149 426 2215 classiariO,
452 2149 819 2214 comitatum.
859 2154 975 2218 Ae,
1002 2149 1056 2206 si
1080 2150 1153 2207 ad
1181 2147 1516 2207 visendum
1545 2168 1655 2206 ve-

117 2227 316 2295 nisset,
336 2226 585 2284 refotam
611 2230 949 2286 nuntiaret:
993 2224 1089 2284 sin
1114 2226 1349 2286 facinus
1364 2237 1655 2302 patratu·

119 2321 242 2374 rus,
284 2306 430 2362 nihil
469 2324 532 2362 se
559 2306 633 2372 de
659 2306 783 2365 filio
809 2307 1075 2376 credere,
1100 2323 1225 2362 non
1252 2305 1653 2379 imperatum

116 2383 536 2474 parricidium.
599 2383 1067 2452 circumsistunt
1106 2385 1336 2442 lectum
1382 2389 1651 2457 percus-

122 2481 301 2532 sores,
343 2473 403 2519 et
445 2458 610 2535 prior
646 2461 1015 2536 trierarchus
1056 2460 1203 2521 fusti
1240 2471 1444 2552 caput
1497 2461 1650 2539 ejus

121 2539 346 2597 afflixit.
421 2539 587 2598 Nam
629 2539 691 2596 in
735 2551 993 2601 mortem
1022 2540 1361 2598 centurioni
1390 2537 1651 2598 ferrum

122 2618 513 2694 disti-ingenti,
531 2621 888 2692 protendens
912 2628 1177 2687 uterum,
1190 2627 1473 2678 ventrem
1502 2617 1647 2685 feri,
1734 2649 1748 2668 ι

122 2697 512 2764 exclamavit:
530 2696 854 2775 multisque
867 2697 1215 2783 vulneribus
1228 2693 1507 2756 confecta
1529 2706 1645 2756 est.

1076 2820 1101 2842 ἢ

1719 302 1750 346 ι

1737 394 1764 458 ’ἱ

1748 2080 1772 2453 3

1740 2466 1770 2714 ἑ

1723 2852 1747 2919 5

1747 2917 1771 3157 3
