1808 3254
886 256 912 310 1
927 259 1016 311 30·

210 403 339 459 tem
362 400 547 473 plebis
572 416 721 458 esse.
784 398 1214 491 Invidiamque
1238 406 1374 461 eain
1390 405 1506 459 sua
1533 415 1708 476 spon

212 492 273 537 te
300 473 705 555 gliscentem,
692 478 939 555 insignis
973 478 1146 539 unius
1171 479 1473 537 calamitas
1499 496 1711 538 accen·

208 558 315 615 dit.
396 556 622 635 Magno
647 568 784 615 natu
814 558 1086 641 quidam,
1113 576 1254 616 cum
1278 558 1558 615 omnium
1583 576 1716 614 mn·

211 638 410 693 lorum
437 654 673 696 suorum
702 634 1045 711 insignibus
1085 654 1151 695 55
1197 636 1259 695 in
1283 636 1478 695 forum
1514 636 1712 711 proje

212 714 313 772 cit.
394 715 605 773 Obsita
628 726 751 772 erat
779 716 1046 789 squalore
1085 715 1284 783 vestis,
1321 714 1540 774 foedior
1581 732 1714 773 cor.-

212 792 373 865 poris
400 792 644 862 habitus»,
688 794 906 867 pallore
933 812 1002 851 ac
1026 793 1217 851 macie
1243 794 1564 869 perempti.
1613 792 1714 851 Ad

212 873 324 928 hoc
352 872 639 943 promissa
662 874 838 929 barba
863 880 922 929 et
949 870 1143 945 capilli
1159 870 1554 929 efferaverant
1581 888 1714 945 spe-

206 949 371 1009 ciem
397 948 533 1016 oris.
594 949 1004 1009 Noscitabatur
1021 960 1220 1009 tamen
1246 951 1308 1009 in
1327 952 1492 1007 tanta
1519 948 1717 1007 defor-

209 1024 436 1097 mitate,
496 1039 554 1087 et
596 1029 834 1087 ordines
881 1028 1124 1086 duxisse
1175 1025 1420 1097 aiebant,
1477 1028 1714 1103 aliaque

211 1107 441 1167 militiae
470 1108 679 1165 decora
704 1106 903 1183 vulgi-2,
943 1108 1294 1165 miserantes
1322 1102 1484 1175 eum,
1523 1108 1714 1185 jacta-

207 1187 364 1243 bant.
446 1187 580 1260 Ipse
635 1196 819 1243 testes
859 1188 1234 1243 honestarum
1297 1185 1518 1260 aliquot
1565 1186 1714 1260 iocis

210 1280 569 1366 pugnarum,
609 1263 916 1321 cicatrices
949 1266 1193 1322 adverso
1235 1276 1470 1339 pectore
1515 1274 1715 1323 osten-

202 1342 421 1397 tabats
427 1338 897 1398 Sciscitantibus
941 1342 1094 1413 unde
1130 1344 1228 1400 ille
1257 1342 1510 1413 habituS‚
1551 1341 1714 1401 unde

207 1416 561 1483 deformitas,
587 1417 779 1493 quum
796 1410 1160 1479 circumfusa
1175 1424 1344 1479 turba
1368 1430 1551 1490 esset²
1569 1438 1714 1495 pro-

208 1494 283 1569 pe
308 1496 371 1553 in
398 1496 693 1553 concionis
710 1500 1004 1589 ‘modum3
1046 1498 1260 1571 Sabino
1283 1500 1461 1566 beno„
1495 1499 1595 1569 ait,
1643 1520 1712 1557 se

206 1574 575 1645 militantem,
628 1576 767 1652 quisi.
816 1542 1058 1670 propt'er
1109 1578 1520 1654 populationes
1569 1578 1712 1658 agri

202 1672 323 1713 non
364 1655 559 1714 fructu
598 1656 776 1714 modo
816 1657 1086 1728 caruerit,
1130 1660 1233 1715 sed
1277 1657 1414 1716 villa
1455 1657 1710 1721 incensa

203 1733 403 1806 fuerit,
442 1735 669 1812 direpta
696 1737 910 1806 omnia,
935 1755 1147 1810 pecora
1171 1739 1387 1805 abacta,
1412 1735 1714 1796 tributum

204 1813 411 1889 iniquo
453 1833 559 1874 suo
601 1825 881 1888 tempore
917 1814 1294 1890 imperatum,
1320 1831 1406 1872 oes
1433 1815 1708 1876 alienum

203 1892 452 1952 fecisse·
494 1893 553 1950 id
578 1896 950 1950 cumulatum
985 1895 1200 1961 usuriS‚
1237 1894 1434 1966 primo
1457 1905 1527 1952 55
1551 1915 1712 1985 agro

202 1982 445 2044 paterno
462 1969 730 2044 avitoque
751 1971 1009 2040 exuisse,
1031 1973 1232 2029 deinde
1251 1971 1504 2031 fortunis
1531 1973 1706 2032 aliis.-

140 2067 147 2076 ’
202 2045 503 2178 Bostremo
552 2047 713 2104 velut
755 2051 950 2121 tabem
995 2052 1327 2132 pervenisse
1361 2051 1432 2107 ad
1460 2069 1704 2127 corpus.

268 2135 477 2180 uotum
506 2143 567 2180 55
594 2127 665 2182 ab
684 2129 990 2195 creditore,
1017 2144 1133 2186 non
1153 2131 1213 2186 in
1242 2128 1573 2198 servitium,
1592 2131 1706 2188 sed

206 2202 265 2262 in
294 2199 661 2278 ergastulum
680 2216 740 2260 et
780 2205 1182 2264 calnificinam
1205 2225 1352 2264 esse.
1435 2209 1580 2266 Inde
1605 2229 1708 2266 os-

200 2290 421 2338 tentare
444 2290 683 2358 tergum
701 2283 922 2343 foedum
942 2303 972 2340 r
973 2286 1270 2343 ecentibus
1284 2285 1553 2362 vestigiis
1569 2305 1708 2345 ver-

201 2360 432 2416 berum.
512 2361 607 2418 Ad
654 2363 783 2420 haec
830 2363 953 2420 visa
967 2363 1314 2445 auditaque,
1357 2367 1632 2423 clamor
1605 2384 1714 2424 m·

200 2455 351 2511 gens
376 2438 580 2496 oritur.
661 2443 796 2498 Non
838 2441 963 2517 jam
997 2439 1122 2498 fmo
1149 2461 1212 2502 55
1236 2445 1528 2502 tumultus
1557 2463 1710 2502 con-

200 2516 365 2584 tinet,
394 2519 495 2574 sed
514 2515 736 2590 passim
756 2529 943 2576 totam
963 2523 1168 2577 urbem
1189 2510 1466 2597 pervadit.
1507 2524 1708 2584 Nexu

200 2595 397 2661 vincti,
435 2594 723 2668 solutique
750 2615 815 2654 se
838 2597 1148 2672 undique
1134 2617 1194 2656 ιιι
1221 2599 1532 2672 publicum
1559 2619 1708 2674 pm-

202 2672 441 2744 ripiunt,
462 2674 777 2742 implorant
802 2673 1127 2743 Quiritium
1152 2677 1352 2736 fidem.
1393 2667 1582 2738 Nullo
1611 2683 1708 2738 10-

201 2765 273 2806 co
296 2751 455 2808 deest
476 2749 770 2809 seditionis
806 2754 1163 2814 voluminius
1187 2772 1410 2848 comeo.
1475 2757 1706 2818 ffltis
