1808 3254
860 221 985 280 1:32

195 366 443 427 munitis
468 367 693 439 castris,
717 366 920 445 quieti,
943 384 1076 426 rem
1087 362 1312 429 nullam
1333 364 1450 425 niti
1467 382 1701 427 neces·-

200 445 413 505 sariam
444 448 517 506 ad
562 447 789 505 victum
835 447 1138 515 sumendo,
1176 462 1284 543 per
1309 446 1536 521 aliquot
1559 446 1704 505 dies

200 538 391 599 neque
436 525 707 593 lacessiti,
746 543 940 600 neque
985 517 1336 584 lacessentes
1359 542 1491 581 sese
1517 534 1710 581 tenu-

204 604 322 679 ere.
402 606 589 663 Pavoi
634 603 847 678 ingens
872 602 933 661 in
961 606 1128 674 urbe,
1164 614 1446 677 metuque
1471 613 1710 661 mutuo

202 696 488 757 suspensa
512 692 675 739 erant
696 681 914 739 omnia.
973 682 1217 739 Timere
1241 682 1446 738 relicta
1466 682 1545 740 ab
1569 683 1709 748 suis

202 759 403 831 plebes
428 759 763 817 violentiam
786 772 1044 834 patrum,
1081 762 1302 817 timere'
1321 762 1524 817 Patres
1550 762 1710 817 resi-

206 837 345 895 dem
370 836 432 894 in
456 838 596 895 urbe
620 840 877 911 plebem,
916 839 1142 909 incerti,
1179 840 1418 896 manere
1441 854 1600 895 -eam
1625 848 1710 895 'an

207 915 367 973 abirsse
400 916 657 986 mallent,
696 914 877 989 quam
917 914 1018 973 diu
1057 928 1258 975 autem
1293 916 1714 990 tranquillam,

191 1011 346 1069 quae
389 994 714 1061 secesserit,
752 994 1191 1053 multitudinem
1229 994 1386 1051 fore.
1370 994 1392 1033 ²
1433 993 1578 1067 quid
1603 994 1712 1057 fu·

208 1082 414 1131 turum
436 1071 664 1140 deinde,
705 1073 755 1129 si
782 1074 1284 1147 ᾳυρώειιιενιιιιιιι
1311 1072 1566 1130 interim
1579 1074 1711 1151 bel·

211 1152 341 1209 lum
368 1150 621 1210 existat?
703 1151 945 1209 Nullam
987 1148 1268 1227 profecto,
1305 1152 1418 1209 nisi
1457 1148 1524 1207 in
1538 1146 1714 1232 con-

208 1232 411 1298 cordia
454 1228 689 1298 civium,
729 1244 900 1301 spem
942 1230 1228 1305 reliquam
1267 1232 1522 1297 ἀιιεενες
1563 1242 1713 1287 eam

212 1324 323 1381 per
350 1325 535 1379 aequa,
560 1324 686 1397 per·
693 1305 912 1381 iniqua,
951 1308 1440 1367 reconciliandam
1480 1306 1714 1365 civitati

215 1402 364 1441 esse.
422 1385 655 1444 Placuit
670 1383 852 1459 igitur
874 1397 1164 1445 oratorem
1188 1388 1262 1445 ad
1285 1388 1518 1461 plebem
1546 1384 1714 1445 mitti

216 1460 570 1521 Menenium
614 1464 968 1539 Agrippam,
1020 1464 1342 1523 facundum
1380 1462 1612 1531 virum,
1651 1476 1717 1529 et
1786 1479 1792 1486 ·

218 1539 376 1615 quod
402 1538 533 1597 inde
558 1541 843 1599 oriundus
868 1552 1012 1611 erat,
1048 1544 1200 1615 plebi
1227 1559 1452 1601 carum.
1513 1544 1583 1599 Is
1617 1542 1716 1599 in-

217 1618 527 1681 tremissus
555 1620 615 1677 in
639 1631 846 1692 castra,
884 1621 1080 1695 prisco
1105 1620 1207 1681 illo
1233 1620 1462 1680 dicendi
1487 1632 1552 1680 et
1569 1621 1716 1680 hor-

220 1699 347 1758 rido
373 1701 572 1767 modo,
608 1700 755 1758 nihil
778 1702 944 1791 aliufl
961 1699 1139 1776 quam
1162 1702 1280 1759 hoc
1299 1717 1569 1758 narrasse
1591 1699 1719 1756 fer·

218 1788 339 1836 tur.
420 1777 725 1852 Tempore
750 1779 956 1854 quoin
983 1779 1243 1848 homine,
1265 1795 1400 1848 non,
1434 1788 1500 1834 ut
1524 1795 1718 1858 nunc,

224 1849 421 1914 omnia
462 1856 537 1912 in
574 1866 761 1914 unum
812 1857 1263 1928 consentiebant,
1313 1857 1415 1915 sed
1457 1849 1720 1934 singulis

221 1930 509 1992 membris
534 1953 711 1992 suum
736 1935 847 1992 cui
838 1953 946 2009 jue
971 1935 1298 2005 consilium,
1338 1953 1482 1994 suus
1507 1950 1720 1994 εενιιιο·

224 2009 444 2078 fuerat,
474 2011 803 2086 indignatas
843 2012 1099 2087 reliquas
1139 2025 1353 2089 partes,
1396 2015 1505 2070 sua
1545 2019 1719 2082 cura,

228 2107 340 2160 agno
365 2091 558 2148 labore
582 2107 653 2146 ae
678 2091 1006 2148 ministerio
1029 2091 1217 2149 ventri
1238 2091 1442 2149 omnia
1481 2091 1682 2166 quaeri
1699 2115 1716 2147 ε

146 2209 156 2221 ,,
228 2167 589 2226 ventrem-in
614 2168 811 2226 medio
832 2169 1121 2243 quietum,
1158 2169 1314 2227 nihil
1321 2169 1500 2237 aliud,·
1567 2168 1719 2230 uam

229 2244 377 2302 datis
402 2245 790 2318 voluptatibus
818 2246 953 2305 frui.
1033 2247 1415 2325 conspirasse
1439 2247 1543 2306 ind

228 2339 442 2382 manus
468 2324 540 2382 ad
564 2343 632 2380 os
656 2323 861 2384 cibum
884 2326 1120 2393 ferrent,
1159 2345 1272 2387 nee
1309 2345 1379 2385 os
1418 2326 1726 2403 acciperet

230 2403 451 2468 datum,
488 2420 599 2460 nec
624 2404 829 2462 dentes
853 2397 1242 2474 conficerent3
1283 2406 1398 2465 hac
1431 2405 1522 2466 ira
1567 2405 1724 2464 dum

230 2490 503 2538 ventrem
526 2479 695 2538 fame
708 2483 946 2542 domare
971 2483 1245 2553 vellent,
1229 2499 1358 2558 ipsa
1379 2500 1496 2543 una
1521 2501 1726 2542 mem·

232 2556 381 2649 braz,
392 2568 697 2632 totumque
740 2578 979 2635 corpus,
1017 2563 1090 2618 ad
1133 2573 1465 2620 extremam
1513 2565 1726 2621 tabem

234 2635 487 2692 venisse.
529 2637 671 2694 Inde
688 2637 1043 2712 apparuisse,
1061 2639 1280 2698 ventris
1305 2657 1538 2715 quoque
1557 2641 1730 2700 haud

235 2719 418 2790 Segne
443 2713 841 2774 ministerium
863 2735 1032 2776 esse.
1057 2735 1170 2776 nec
1194 2717 1390 2796 magis
1413 2717 1510 2789 ali,
1535 2717 1728 2794 quam
