1808 3254
918 271 1003 326 90
1073 301 1074 304 ,

211 418 481 476 sederant
503 417 704 484 valle5‚
751 411 971 492 partim
998 411 1060 470 in
1102 401 1271 474 vado
1294 407 1589 484 haerebat,
1636 426 1738 475 ut·

212 511 470 568 cumque
501 496 806 572 inaequale
821 506 1001 552 terrae
1038 491 1347 570 fastigium
1379 511 1739 568 occupave-

213 585 343 632 rant
397 575 613 642 undae;
656 590 843 648 quum
883 571 1079 632 subito
1115 589 1303 630 novus
1348 581 1407 631 et
1454 573 1738 646 pristino

211 653 602 730 majorterror
615 651 922 712 incutitur.
941 652 1308 734 reciprocare
1322 651 1513 726 ooepit
1525 670 1736 724 mare,

210 749 434 807 magno
462 739 653 788 tractu
677 731 843 808 aquis
869 731 933 788 in
958 748 1133 789 suum
1153 729 1371 788 fretum
1394 743 1737 790 recurren-

171 861 174 866 .
213 810 406 882 tibus·
392 853 408 878 ‚
437 809 828 884 reddebatque
846 822 1033 874 terras
1051 809 1229 883 paulo
1252 819 1385 866 ante
1409 807 1735 884 profundo

213 875 340 946 salo
365 905 610 947 mersas.
652 891 846 976 Igitur
859 887 1134 946 destituta
1156 889 1407 972 navigia,
1432 889 1740 965 aliaeprae-

161 1023 174 1042 ‚
215 967 537 1042 cipitantur
569 967 633 1024 in
673 988 746 1044 pl
746 989 910 1037 orae,
955 967 1081 1026 alia
1106 966 1167 1024 in
1211 969 1391 1025 latera
1426 985 1737 1041 procum-

176 1063 184 1070 ·
214 1046 390 1117 bunt3
433 1047 601 1106 strati
629 1059 796 1106 erant
815 1045 1013 1120 campi
1038 1045 1309 1114 sarcinis,
1326 1045 1535 1114 annia,
1558 1050 1736 1105 avul-

218 1145 421 1184 sarum
469 1127 801 1184 tabularum
843 1142 1267 1199 remorumque
1316 1122 1733 1200 fragmentis·
1715 1168 1733 1194 ‚

219 1208 400 1264 miles
424 1221 535 1260 nec
557 1205 795 1279 egredi
773 1223 840 1274 ,ιιι
855 1215 1081 1262 terram
1100 1222 1208 1261 nec
1230 1205 1289 1276 in
1306 1207 1736 1263 navessubsis-

221 1294 348 1340 tere
374 1283 638 1350 audebat,
679 1284 1001 1342 identidem
1022 1282 1733 1358 praesentibus‘graviora

151 1375 156 1380 ·
223 1379 360 1434 quae
393 1373 778 1434 sequerentur
817 1373 1153 1438 expet-sam,
1197 1362 1301 1420 vix
1344 1379 1478 1438 quae
1512 1381 1735 1438 perpe-

220 1439 513 1496 ‘ciebantur
539 1439 776 1497 videre
739 1459 921 1530 'ipsos
948 1442 1313 1510 credebant,
1298 1459 1360 1499 m
1386 1441 1550 1498 sicco
1576 1460 1735 1500 nau-

227 1515 435 1594 fragia,
483 1517 546 1573 in
597 1519 758 1576 amni
805 1539 987 1578 maie.
1071 1521 1131 1576 N
1134 1536 1202 1577 ee
1240 1521 1387 1578 finis
1396 1523 1734 1591 malorum,

227 1595 450 1688 quippe
473 1606 688 1655 aestum
709 1597 884 1672 paulo
908 1609 1046 1691 post
1070 1617 1235 1657 mare
1255 1603 1585 1659 relaturum
1600 1618 1735 1675 quo

223 1675 460 1752 navigia
484 1679 872 1737 allevarentur
912 1680 1121 1754 ignari,
1164 1678 1387 1737 famem
1413 1691 1472 1737 et
1498 1680 1733 1741 ultima

229 1757 463 1815 sibimet
482 1758 929 1827 ominabantur3
957 1760 1165 1815 belluae
1190 1776 1420 1836 quoque
1437 1756 1735 1819 fiuctibus

230 1837 521 1893 destitutae
536 1832 847 1895 terribile}
863 1840 1236 1912 vagabantur.

307 1916 556 1989 Jamque
598 1933 719 1975 nox
753 1919 1078 1992 appetebat,
1126 1924 1185 1971 et
1225 1934 1289 1973 re
1324 1936 1437 1976 em
1476 1927 1734 1992 quoque

231 1992 570 2082 desperatio
595 1992 802 2052 salutis
839 1992 1199 2081 aegritudine
1246 2014 1280 2051 a
1328 1994 1559 2054 ecerat:
1604 2016 1739 2055 non

230 2081 429 2128 tamen
455 2069 739 2129 invictum
765 2070 1033 2129 animum
1076 2090 1241 2131 curae
1266 2076 1541 2153 obruunt,
1581 2079 1737 2151 quin

234 2150 358 2205 tota
390 2158 562 2205 nocte
595 2146 880 2223 praesldei
880 2162 939 2207 et
977 2151 1042 2209 in
1084 2153 1345 2226 speculis
1372 2154 1739 2229 equitesque

234 2225 628 2298 praemitteret
652 2228 724 2285 ad
745 2247 812 2285 os
837 2231 1047 2299 amnis,
1072 2242 1157 2299 ut,
1180 2246 1373 2303 quum
1397 2252 1569 2291 mare
1599 2251 1743 2291 rul-

235 2303 340 2361 sus
373 2315 706 2364 exaestuare
735 2309 1069 2379 sensissent,
1094 2313 1517 2385 procederent3
1564 2329 1689 2369 nax
1694 2313 1740 2369 i-

237 2382 338 2458 gia
358 2402 592 2458 quoque
623 2388 874 2443 lacerata
907 2388 1069 2448 refici
1113 2398 1172 2445 et
1184 2408 1411 2449 eversa
1448 2391 1743 2450 fluctibus

237 2462 406 2559 erigi
406 2460 592 2537 jubet,
633 2477 983 2541 paratosque
1012 2485 1141 2525 esse
1168 2477 1227 2524 et
1249 2466 1507 2526 intentos
1534 2488 1739 2543 quum

235 2538 445 2599 rursus
471 2560 635 2599 maie
663 2546 848 2603 terras
874 2543 1231 2605 inundasset.
1272 2548 1431 2604 Tota
1456 2549 1527 2619 ea
1558 2561 1743 2607 noete

237 2619 392 2676 inter
414 2619 642 2695 vigilias
660 2622 1203 2699 adhortationesque
1222 2629 1603 2699 consumpta,
1634 2648 1741 2685 ce·

237 2696 440 2755 leriter
463 2708 524 2755 et
549 2701 776 2773 equites
815 2702 1044 2777 ingenti
1086 2720 1264 2761 cursu
1304 2702 1631 2793 refugere:
1680 2718 1746 2765 et

241 2772 526 2849 sequutus
549 2789 638 2835 est
657 2789 850 2849 aestuS‚
877 2778 980 2855 qui
1004 2778 1219 2855 primo,
1246 2780 1419 2857 aquis
1442 2784 1567 2843 leni
1584 2796 1745 2845 trac-
