1808 3254
865 186 995 247 212

170 353 285 412 que
310 334 473 397 urbis
497 332 735 395 modico
757 295 1035 393 distantia
1057 332 1364 394 intervallo
1389 334 1691 405 eonstite-

170 426 319 473 rant.
402 414 560 473 Hinc
582 430 735 489 spes,
760 411 903 471 hinc
927 412 1262 488 desperatio
1289 410 1525 471 animos
1546 412 1694 473 im-

169 503 287 553 tat.
318 494 501 553 Poeno
530 494 761 569 cepisse
781 491 910 569 jam
939 510 1004 549 se
1029 493 1260 559 urbem,
1281 490 1334 547 si
1351 490 1692 565 paululum

168 572 483 642 adnitatur,
536 572 855 639 credente3
904 569 1250 647 Saguntinis
1294 586 1406 644 pro
1445 572 1692 633 nudata

169 649 469 707 moenibus
515 649 705 727 patria
746 666 996 722 corpora
1047 649 1506 725 opponentibus,
1558 667 1685 709 nec

166 731 290 787 ullo
317 728 531 820 pedem
558 728 867 797 referente,
886 746 962 788 ne
990 727 1194 787 relicto
1217 746 1252 783 a
1275 746 1346 784 se
1366 729 1506 785 loco
1537 729 1686 788 hos-

173 818 300 865 tem
318 806 683 865 immitteret.
740 800 952 881 Itaque
973 805 1092 881 quo
1117 803 1320 863 acrius
1346 816 1408 863 et
1433 806 1686 866 confer·

170 881 303 944 tim
323 884 520 969 magis
561 886 865 959 utrimque
917 888 1280 976 pugnabant,
1337 882 1428 941 eo
1457 887 1682 958 plures

170 958 665 1034 vulnerabantum
707 967 873 1023 nullo
915 966 1068 1021 inter
1108 982 1274 1021 arma
1299 979 1684 1041 corporaque

168 1062 323 1104 vano
348 1044 734 1103 intercidente
761 1042 1206 1101 te10.Falarica
1231 1051 1357 1100 erat
1385 1034 1680 1119 Sag-und·-

169 1122 283 1191 nis‚
308 1124 532 1181 missile
566 1126 753 1181 telum
783 1121 975 1179 hastili
1025 1124 1295 1209 oblongo,
1342 1132 1403 1179 et
1443 1134 1678 1182 caetera

164 1201 387 1270 tereti3
430 1194 819 1281 praeterquam
860 1202 934 1258 ad
974 1202 1336 1270 extremum,
1362 1199 1528 1259 unde
1554 1201 1679 1261 fer-

172 1296 307 1335 rum
336 1283 613 1339 exstabat.
692 1274 785 1348 Id,
822 1279 975 1337 sicut
1009 1280 1070 1336 in
1109 1280 1251 1353 pilo,
1303 1280 1676 1354 quadratum

166 1360 381 1432 stuppa
403 1357 907 1433 circumligabant,
929 1358 1304 1431 linebantque
1321 1356 1477 1431 pice.
1525 1360 1676 1418 Fer-

167 1452 305 1495 rum
330 1446 528 1495 autem
555 1447 677 1494 tres
718 1436 778 1493 in
820 1438 1068 1511 longum
1095 1436 1352 1493 habebat
1367 1436 1575 1513 pedes,
1600 1450 1676 1497 ut

166 1502 315 1573 curn
340 1515 523 1573 armis
546 1514 896 1589 transfigere
924 1534 1140 1607 corpus
1167 1525 1388 1588 posset.
1457 1517 1594 1575 Sed
1604 1518 1676 1575 id

170 1591 439 1652 maxime
464 1595 641 1654 etiam
670 1594 720 1652 si
748 1592 1057 1654 haesisset
1042 1612 1103 1652 ιιι
1124 1604 1315 1663 scuto,
1337 1610 1452 1656 nec
1480 1603 1676 1670 pene-

163 1685 255 1733 tra
263 1685 382 1732 sset
421 1674 482 1731 in
522 1693 761 1749 corpuS,
800 1691 1080 1748 pavorem
1140 1673 1434 1732 faciebat·
1505 1679 1673 1749 quod

164 1751 355 1830 quum
380 1753 652 1812 medium
673 1770 995 1810 accensum
1017 1753 1376 1819 mitteretur,
1402 1770 1673 1828 concep-

163 1833 454 1906 tumque
438 1852 574 1909 ipso
598 1843 762 1889 motu
788 1829 978 1890 multo
1003 1831 1295 1909 majorem
1315 1833 1528 1906 ignem
1547 1831 1670 1890 fer-

83 1951 92 1961 .
165 1921 273 1976 ret,
297 1929 461 1970 arma
503 1910 698 1969 omitti
724 1911 989 1985 cogebat,
1019 1913 1364 1984 nudumque
1403 1909 1669 1972 militem

158 1991 236 2048 ad
260 1989 642 2063 insequentes
664 1989 821 2045 ictus
846 1991 1166 2063 praebebat.
1595 2013 1610 2031 ·

242 2066 449 2139 Quum
468 2085 615 2144 ergo
642 2064 744 2126 diu
770 2083 994 2142 anceps
1020 2068 1227 2128 fuisset
1251 2075 1583 2136 certamen,
1601 2077 1666 2126 et

163 2145 524 2221 Saguntinis,
552 2146 690 2222 quia
716 2157 929 2220 praeter
955 2163 1124 2220 spem
1142 2147 1506 2219 resisterent,
1533 2163 1664 2205 cre-

160 2224 381 2282 vissent
418 2223 639 2293 animi,
624 2245 638 2259 ·
681 2227 922 2295 Poenus‘,
948 2225 1086 2301 quia
1110 2244 1226 2286 non
1265 2223 1524 2294 vicisset,
1549 2245 1662 2302 pro
1750 2281 1752 2286 .

160 2302 319 2360 victo
346 2313 542 2372 esset3
589 2307 915 2364 clamorem
959 2303 1198 2380 repente
1231 2303 1526 2383 oppidani
1547 2307 1664 2364 tol·

148 2383 310 2450 lunt,
338 2383 729 2458 hostemque
714 2401 774 2439 ιιι
801 2383 999 2440 ruinas
1025 2383 1184 2444 muri
1211 2371 1588 2456 expellunu'
1569 2401 1659 2440 m·

156 2461 231 2519 de
252 2461 605 2534 impeditum
622 2461 1131 2538 trepidantemque
1151 2463 1500 2520 exturbant.
1522 2479 1662 2538 pos-

158 2539 355 2602 tremo
384 2538 586 2606 fusum
612 2540 1050 2616 fugatumque
1036 2559 1099 2600 m
1131 2551 1325 2600 castra
1349 2541 1658 2616 ledigunt.

160 2614 409 2680 Interim
436 2622 507 2678 ab
538 2621 734 2681 Roma
772 2621 1000 2695 legatos
1042 2617 1273 2679 venisse
1299 2617 1658 2682 nunciatum

156 2709 270 2756 est.
334 2699 566 2770 Quibus
590 2696 822 2759 obviam
864 2700 936 2758 ad
971 2715 1135 2758 mare
1164 2697 1336 2759 missi
1358 2697 1432 2756 ab
1459 2697 1650 2760 Anni
