1808 3254
790 245 872 301 23

77 389 266 468 quam
293 388 358 448 in
384 384 594 448 castris
619 388 880 449 hostium
895 389 1217 466 perituros.
1257 389 1429 450 Nihil
1448 400 1575 448 erat

76 469 314 535 difficile
332 469 693 545 persuadere
717 470 1017 544 persuasis
1034 470 1228 528 mori:
1258 471 1457 530 statim
1484 489 1576 528 are-

71 569 175 608 ma
201 549 448 624 capiunt
466 570 485 616 ;
527 557 586 604 et
604 549 872 607 sexcenti
887 545 1001 606 viri
1018 560 1209 607 castra
1222 549 1576 626 quingento-
1622 613 1635 630 ‚

74 645 216 685 rum
269 627 538 684 millium
587 627 934 706 irrumpunt
962 649 979 697 ς
1016 673 1035 682 -
1048 628 1363 703 statimque
1412 625 1576 705 regis

71 705 438 781 praetorium
459 715 687 780 petunt,
705 717 806 764 aut
832 724 977 764 cum
1002 707 1120 776 illo,
1140 717 1239 764 aut
1258 705 1315 763 si
1334 704 1449 780 ipsi
1473 722 1580 782 op·
1618 721 1631 736 ⁴

73 786 266 860 pressi
287 795 508 852 essent,
533 786 594 841 in
616 785 804 860 ipsius
829 783 1208 859 potissimum
1235 785 1375 852 sede
1398 783 1580 842 mori·
1634 793 1683 859 χ

73 864 217 922 turi.
276 865 610 921 Tumultus
633 863 774 922 totis
799 864 1010 922 castris
1034 864 1239 922 oritur.
1289 861 1580 937 Spartani,

72 941 472 1018 posteaquam
497 961 706 1020 regem
731 959 850 1000 non
874 943 1204 1012 inveniunt,
1242 959 1351 1016 per
1378 941 1581 999 omnia

75 1029 270 1080 castra
297 1021 552 1079 victores
572 1030 880 1112 vagantur,
912 1022 1171 1091 caedunt,
1190 1028 1581 1093 sternuntque

75 1101 281 1158 omnia
297 1122 316 1156 z
359 1109 430 1157 ut
455 1101 559 1174 qui
585 1109 774 1166 sciant
799 1119 864 1157 se
893 1117 1160 1175 pugnare
1186 1117 1306 1156 non
1334 1116 1438 1173 spe
1459 1098 1583 1152 vic-

75 1179 262 1248 toriae,
281 1179 389 1239 sed
403 1178 466 1236 in
481 1180 690 1236 mortis
706 1180 1013 1236 ultionem.
1054 1177 1343 1238 Praelium
1358 1173 1395 1234 ἃ
1409 1174 1571 1250 prin·

75 1259 232 1333 cipio
254 1257 452 1316 noctis
476 1258 538 1314 in
566 1253 860 1335 majbrem
899 1265 1131 1334 partem
1158 1255 1275 1314 diei
1300 1264 1579 1312 tractum.

75 1340 174 1396 Ad
196 1347 584 1413 postremum
605 1353 724 1394 non
744 1335 907 1404 victi,
927 1337 1032 1394 sed
1052 1333 1341 1393 vincendo
1368 1332 1577 1407 fatiga·

75 1416 140 1487 ti,
166 1417 326 1474 inter
366 1415 640 1492 ingentes
665 1425 987 1474 stratorum
1029 1414 1289 1486 hostium
1316 1421 1579 1470 catervas

72 1495 442 1555 occiderunt.
477 1496 725 1552 Xerxes
749 1495 976 1552 duobus
1002 1493 1341 1553 vulneribus
1365 1501 1579 1548 terres-

71 1573 152 1631 tri
184 1574 408 1651 praelio
443 1573 721 1651 acceptis,
769 1572 1035 1651 experiri
1069 1573 1253 1634 maris
1278 1569 1578 1631 fortunam

75 1654 295 1715 statuit.
796 1693 806 1702 .

443 1998 1013 2063 NARRATION
1052 1997 1237 2062 VIL·
1282 1994 1289 2010 '

251 2202 611 2303 Theflight
641 2202 723 2289 of
737 2180 1122 2305 XerxesJA.
1148 2160 1226 2265 ΙΟ.
1258 2208 1409 2287 480.

423 2386 593 2451 (Ano.
621 2388 768 2441 nist.
785 2388 981 2453 Justin,
1006 2387 1148 2439 book
1170 2388 1247 2451 2.)

102 2533 356 2597 X‘znxzs
383 2543 523 2598 after
543 2546 742 2615 having
755 2546 861 2599 lost
881 2550 1074 2608 2o,000
1096 2560 1219 2599 men
1242 2554 1299 2597 at
1321 2544 1583 2599 Thermo-

69 2616 202 2680 pylae
238 2613 524 2665 continues
535 2615 621 2665 his
641 2621 782 2671 rout,
802 2614 913 2665 and
931 2622 1235 2679 penetrates
1249 2614 1361 2665 into
1377 2612 1583 2666 Attica.

72 2678 494 2744 Themistocles,
520 2682 707 2749 seeing
729 2683 844 2734 that
872 2684 1082 2735 Athens
1097 2696 1203 2733 was
1218 2679 1376 2734 notin
1394 2695 1425 2730 a
1443 2686 1581 2731 state
