1808 3254
79 325 202 380 que
225 315 540 381 oporteret,
567 307 674 364 sod
691 321 793 364 eos
819 305 924 380 qui
936 286 1345 381 magn'i‘ffline
1365 315 1568 364 rerum
1660 305 1667 312 ’

83 383 270 442 fidem
297 383 768 442 antecessissent.

139 463 298 523 Haec
321 473 394 521 et·
409 463 502 520 his
521 461 739 520 similia
759 464 882 521 laeti
910 461 1151 520 audiere
1170 462 1418 540 juvenes
1442 483 1457 524 a
1485 463 1573 520 in·-

83 551 250 618 grata
266 541 596 600 senioribus
617 552 804 609 erant,
817 537 1081 603 maxime
1096 553 1335 616 propter
1354 542 1573 616 Philip-

85 637 258 694 pum,
286 622 400 676 sub
423 639 542 694 quo
567 617 792 678 diutius
809 621 1097 678 vixerant.
1159 623 1325 676 Tum
1354 620 1571 687 clitus,

88 717 162 755 ne
177 700 312 771 ipse
329 696 575 771 quidem
603 694 744 756 satis
782 698 1025 765 sobrius,
1054 701 1127 757 ad
1152 717 1255 755 eos
1280 699 1381 774 qui
1400 697 1573 759 ,infra

88 779 290 852 ipsum
327 777 614 834 cubabant
651 794 992 850 conversus,
1025 777 1323 850 Euripidis
1345 829 1353 836 .
1373 777 1573 834 retulit

89 872 352 924 carmen,
375 852 460 911 ita
493 865 559 913 ut
585 873 760 912 sonus
785 853 985 928 magia
1018 855 1201 929 quam
1230 875 1431 916 sermo
1466 874 1571 912 ex·

87 932 282 992 audiri
323 943 526 1008 posset
551 932 586 990 εὶ
610 951 774 1012 rege,
798 951 921 1006 quo
946 933 1393 1008 significabatur,
1419 932 1573 992 male

85 1011 416 1070 instituisse
454 1011 704 1072 Graecos
729 1005 886 1086 {incid
918 1012 1157 1084 tropaeis
1183 1029 1399 1087 regum
1424 1014 1573 1068 dun-

84 1102 252 1150 taxat
277 1091 522 1148 nomina
541 1091 1023 1158 inscribenentu-r,
1041 1089 1227 1156 alieno
1254 1089 1416 1148 enim
1443 1107 1571 1145 san-

85 1171 270 1247 guine
296 1180 526 1244 partam
571 1168 820 1244 gloriam
867 1167 1137 1242 intercipi
1164 1190 1178 1226 z
1224 1169 1419 1242 itaque
1446 1185 1573 1233 rex,

84 1267 282 1324 quum
323 1246 736 1321 suspicaretur.
763 1243 1083 1322 malignius
1108 1248 1403 1309 ’habitum
1440 1261 1571 1305 esse

85 1345 456 1394 sermonem,
473 1326 802 1400 percontari
828 1323 1325 1401 proximoacoepit
1338 1317 1478 1399 quid
1494 1339 1572 1381 ex

88 1407 256 1464 clito
277 1404 582 1462 audissent
607 1425 624 1468 ς
670 1415 728 1461 et
755 1403 870 1460 illis
897 1405 970 1462 ad
993 1403 1295 1462 silentium
1322 1404 1573 1461 obstina-

87 1484 186 1554 tiS,
231 1484 432 1541 Clitus
454 1479 738 1555 paulatim
766 1481 995 1557 majore
1023 1502 1169 1541 voce
1196 1483 1453 1558 Philippi
1478 1499 1575 1538 ac·-

85 1576 144 1621 ta
182 1565 465 1637 bellaque
505 1561 564 1621 in
621 1562 864 1620 Graecia
924 1573 1089 1635 gesta
1111 1568 1574 1626 ,commemorat,

85 1642 296 1702 omnia
345 1641 738 1716 praesentibus
782 1643 1119 1715 praeferens.
1224 1640 1382 1697 Hinc
1423 1640 1577 1696 inter

82 1722 364 1799 juniores
383 1734 667 1795 senesque
692 1733 820 1779 orta
847 1721 1141 1779 contentio
1174 1731 1266 1778 est
1286 1739 1303 1773 ε
1344 1728 1407 1775 et
1443 1736 1575 1783 rex,

85 1804 260 1858 velut
284 1800 570 1877 pagini-nter
611 1797 836 1857 audiret
874 1802 1014 1873 quis
1058 1800 1247 1857 Clitus
1282 1798 1577 1857 obterebat

14 1896 17 1903 ·
86 1880 306 1937 laudes
333 1877 486 1952 ejmz,
511 1878 813 1953 ingentem
841 1878 991 1935 iram
1018 1890 1380 1951 conceperat.
1440 1878 1577 1933 Cae-
1654 1919 1661 1928 .

84 1956 324 2017 terum,
341 1974 531 2031 quum
557 1957 758 2013 animo
789 1956 1083 2014 videretur
1108 1957 1499 2031 imperaturus
1525 1953 1577 2011 si

85 2039 287 2093 finem
305 2035 628 2109 procaciter
651 2044 792 2093 orto:
807 2036 1063 2094 sermoni
1098 2034 1286 2093 Clitus
1314 2037 1578 2110 impone-

85 2124 210 2181 ret,
256 2113 406 2169 nihil
451 2132 522 2171 eo
567 2113 921 2181 remittente,
961 2112 1155 2190 magis
1200 2119 1578 2189 exasperaba-

85 2205 194 2251 tur
227 2212 244 2246 =
283 2190 530 2269 jamque
559 2191 750 2249 Clitus
784 2193 963 2249 etiam
998 2194 1455 2251 Parmenionem
1478 2194 1577 2251 de-

85 2270 630 2338 fendeoe·audebat,
655 2281 716 2327 et
741 2270 997 2344 Philippi
1022 2273 1093 2327 de
1120 2270 1579 2329 Atheniensibus

87 2348 416 2409 victoriam
446 2350 785 2407 Thebarum
816 2348 1161 2421 praeferebat
1186 2348 1435 2417 excidio,
1460 2369 1578 2408 non

90 2431 244 2485 vino
261 2425 462 2493 modo,
479 2428 582 2483 sed
601 2426 985 2485 etiamanimi
1004 2430 1187 2501 prava
1214 2429 1579 2487 contentione

89 2516 443 2583 provectus,

179 2585 285 2643 Ad
321 2582 621 2649 ultimum,
647 2584 710 2641 Si
735 2585 1127 2651 moriendum,
1142 2583 1351 2658 inquit,
1366 2596 1455 2641 est
1469 2601 1579 2657 pro

89 2676 176 2734 te,
207 2664 408 2725 Clitus
427 2673 518 2721 est
542 2663 807 2737 primun-13
851 2673 911 2721 at
934 2680 1123 2737 quum
1149 2662 1407 2721 victoriae
1434 2662 1581 2719 arbi·
