1808 3254
948 217 1033 276 22

323 361 486 423 Cum
511 363 774 423 Leonida
798 381 909 424 rex
952 367 1383 458 Spartanorum
1422 381 1571 424 cum
1593 379 1767 440 qua-

245 447 384 500 mbr
409 442 679 502 millibus
697 444 959 503 militum
976 444 1279 522 'angustias
1306 445 1767 518 Thermopyla-

243 538 390 588 rum
411 533 784 598 occupasset,
825 522 1065 582 Xerxes
1100 534 1450 599 contemptu
1476 521 1767 597 paucita-

243 599 341 668 tis,
367 619 466 659 eos
484 607 753 678 pugnam
781 621 1087 678 capessere
1110 603 1299 694 jubet,
1318 618 1579 677 quorum
1601 619 1769 676 cog·
1807 603 1808 606 ’

241 678 366 743 nati
389 679 767 739 Marathonia
787 685 995 758 pugna
1014 681 1305 742 interfecti
1324 681 1595 749 fuerant3
1640 680 1766 754 qui

244 755 397 814 dum
421 759 626 817 ulcisci
669 777 820 818 suos
837 770 1127 835 quaerunt,
1160 760 1529 858 principium
1556 759 1769 844 cladis
1807 769 1808 798 ³

247 835 447 894 fuere.
477 841 830 897 succedente
863 840 1071 899 deinde
1108 840 1302 900 inutili
1328 838 1523 908 turba,
1547 837 1676 914 maj
1686 857 1765 895 or

247 916 444 973 caedes
472 915 680 975 editur.
725 918 958 977 Triduo
975 917 1056 976 ibi
1074 937 1219 976 cum
1244 919 1445 977 dolore
1465 927 1525 977 et
1544 915 1764 994 indig-
1807 981 1808 992 χ

247 993 484 1053 natione
536 997 861 1057 Persarum
912 996 1297 1056 dimicatum.
1341 998 1577 1072 quarta
1634 996 1763 1064 die,
1806 993 1808 1016 ³

109 1124 120 1141 ,
207 1137 210 1142 ,
245 1089 438 1148 quum
462 1074 808 1134 nunciatum
825 1085 981 1133 esset
994 1071 1356 1145 Leonidae,
1326 1097 1362 1134 a
1378 1095 1465 1133 xx
1485 1073 1764 1132 millibus

247 1151 512 1212 hostium
536 1167 846 1212 summum
873 1171 1161 1212 cacumen
1179 1152 1398 1223 teneri,
1436 1163 1579 1210 tunc
1610 1153 1764 1210 hor·
1807 1149 1808 1202 7

245 1238 404 1289 tatur
424 1233 634 1300 socios,
651 1233 959 1302 recedant,
984 1243 1047 1290 et
1074 1252 1137 1290 se
1164 1235 1238 1290 ad
1262 1231 1511 1292 meliora
1535 1232 1761 1307 patriae

164 1363 170 1368 ,
246 1319 518 1384 tempora
537 1320 878 1369 reservent.
916 1310 1029 1370 sibi
1054 1331 1194 1370 cum
1210 1309 1530 1388 Spartanis
1564 1310 1763 1368 fortu-

247 1403 388 1446 nam
415 1389 883 1464 experiendam;
926 1393 1098 1466 plura
1126 1410 1189 1451 se
1214 1391 1420 1466 patriae
1448 1391 1639 1465 quam
1668 1386 1761 1446 vi-

194 1523 196 1526 ,
251 1475 329 1523 tae
349 1467 602 1526 debere:
645 1478 896 1526 caeteros
921 1471 997 1528 ad
1020 1471 1300 1545 praesidia
1337 1467 1601 1528 Graeciae
1632 1485 1763 1524 ser·
1807 1481 1808 1488 ³

245 1547 482 1602 vandos.
501 1544 725 1604 Audito
743 1547 909 1624 regis
922 1549 1174 1623 imperio
1182 1550 1509 1609 discessere
1528 1543 1765 1613 caeteri,
1807 1547 1808 1558 ¹

251 1623 360 1683 soli
381 1625 818 1684 Lacedaemonii
845 1634 1274 1687 remanserunt.
1356 1613 1535 1685 Ini'tio
1562 1624 1761 1703 hujus

243 1704 388 1762 belli
408 1703 842 1765 sciscitantibus
859 1706 1117 1783 Delphis
1131 1708 1369 1765 oracula
1388 1710 1762 1779 ‘responsum
1807 1742 1808 1745 =

246 1781 460 1853 fuerat,
486 1793 589 1841 aut
613 1785 747 1859 regi
775 1787 1225 1865 Spartanorum,
1252 1796 1355 1883 aut
1380 1786 1513 1843 urbi
1540 1784 1760 1841 caden-

250 1862 415 1919 dum.
483 1862 565 1919 Et
583 1862 805 1939 {dcirco
821 1880 933 1925 rex
956 1859 1261 1934 Leonida,
1264 1862 1408 1920 cum
1434 1864 1496 1919 in
1520 1864 1761 1933 bellum

251 1939 842 2019 proficisceretur5'1ta
857 1962 995 1999 suos
1016 1944 1367 2011 firmaverat,
1386 1951 1453 1999 ut
1468 1941 1555 1997 ire
1575 1958 1639 1998 se
1652 1960 1762 2031 pa-

251 2030 379 2077 rato
409 2020 482 2077 ad
507 2004 886 2080 moriendum
913 2020 1113 2079 animo
1134 2022 1366 2080 scirent.
1420 2008 1760 2095 Angustias

161 2145 163 2147 .
251 2109 570 2187 propterea
595 2116 861 2173 occupav
864 2109 1007 2168 erat,
1030 2110 1098 2155 ιιι
1119 2118 1255 2157 cum
1276 2100 1485 2173 paucis
1500 2107 1602 2155 aut
1626 2116 1761 2159 rna-

251 2177 381 2253 jore
405 2178 594 2252 gloria
607 2177 892 2245 vinceret,
919 2188 1020 2235 aut
1034 2176 1267 2235 minore
1282 2178 1499 2235 damno
1513 2176 1759 2251 reipub-

253 2254 386 2313 licae
412 2256 670 2315 caderet.
729 2256 1013 2314 Dimissis
1041 2256 1229 2333 igitur
1256 2256 1458 2324 sociis,
1482 2258 1759 2315 hortatur

213 2368 220 2373 ·
255 2334 610 2409 Spartanos3
643 2336 1052 2403 Meminerint,
1070 2336 1581 2410 qualitercumque
1598 2352 1760 2408 prae-

252 2412 526 2471 liantibus
554 2416 883 2511 cadendum
910 2432 1079 2483 esse;
1124 2424 1415 2483 caverent,
1440 2431 1515 2469 ne
1544 2412 1757 2493 fortius

251 2491 564 2560 mansisse,
591 2512 776 2567 quam
803 2492 1115 2551 dimicasse
1141 2491 1485 2551 videantur.
1513 2508 1625 2549 nec
1646 2511 1758 2551 ex-

253 2570 614 2645 pectandum
639 2582 704 2629 ut
729 2574 800 2628 ab
827 2573 995 2629 hoste
1023 2570 1621 2639 circumvenirentur,
1650 2574 1752 2629 sed

253 2647 401 2706 dum
417 2667 538 2705 nox
566 2648 941 2727 occasionem
960 2652 1144 2721 daret,
1161 2650 1388 2707 securis
1410 2660 1470 2707 et
1486 2649 1638 2707 laetis
1656 2670 1752 2709 su·

255 2726 755 2801 perveniendum:
801 2747 1097 2806 nusquam
1128 2725 1387 2789 victores
1429 2728 1748 2798 honestiuS,
