1808 3254
845 169 926 227 1⁷

139 313 404 374 Multum
429 316 492 372 in
517 314 951 390 iongitudinem
978 323 1037 373 et
1055 313 1422 374 latitudinem
1451 325 1625 392 patet.

135 396 498 471 Hominibus
541 393 694 450 inter
739 413 804 451 se
846 392 999 452 nulli
1034 393 1199 462 fines,
1236 411 1435 470 neque
1464 397 1625 455 enim

137 493 350 550 agrum
375 481 698 531 exercent:
725 489 837 530 nec
852 474 1063 530 domus
1079 473 1197 531 illis
1213 476 1350 542 ulla,
1374 483 1481 532 aut
1504 484 1628 532 tec-

133 563 281 622 tum,
313 562 420 608 aut
443 551 618 609 sedes
645 559 752 620 est,
777 561 1043 608 armenta
1068 563 1128 610 et
1147 569 1363 626 pecora
1386 569 1629 629 semper

131 629 525 706 pascentibu3‚
567 639 628 687 et
651 647 760 704 per
777 629 1029 690 incultas
1056 630 1402 690 solitudines
1426 647 1627 691 errare

136 708 340 766 solitis·
382 710 642 777 Uxores»,
667 708 997 783 liberosque
1023 727 1234 768 secum
1259 708 1321 766 in
1348 709 1629 786 plaustris

135 789 383 846 vehunt:
428 786 664 860 quibus,
710 787 885 845 coriis
936 787 1223 846 imbrium
1272 787 1627 862 hyemisque

133 869 334 935 causa,
374 865 569 934 tectis,
601 882 716 938 pro
755 865 1027 926 domibus
1064 877 1330 926 utuntur.
1392 865 1629 926 Iustitia

137 943 385 1002 Gentis
369 944 624 1019 ingeniis
641 946 820 1014 culta,
837 961 959 1001 non
974 945 1233 1022 legibus-»3
1249 946 1481 1004 nullum
1498 963 1629 1004 sce-

135 1025 224 1080 lus
249 1023 408 1098 apud
433 1041 538 1079 eos
576 1021 732 1080 furto
759 1023 1033 1100 gxavius.
1078 1024 1299 1099 quippe
1326 1023 1455 1082 sine
1479 1025 1626 1082 tecti

131 1101 503 1160 mummento
511 1117 730 1174 pecora
746 1112 808 1158 et
823 1113 1091 1160 armenta
1102 1102 1466 1172 habentibus,
1484 1102 1629 1178 quid

130 1181 359 1238 salvum
388 1190 565 1250 esset,
605 1177 658 1236 si
681 1179 867 1238 furari
891 1181 1132 1240 liceret.
1120 1181 1141 1222 ἲ
1183 1183 1423 1241 Aurum
1448 1191 1509 1239 et
1532 1199 1627 1239 ar-

127 1270 386 1335 gentum
403 1277 537 1316 non
547 1258 790 1334 perinde
815 1274 884 1316 ac
911 1260 1129 1335 reliqui
1148 1263 1429 1319 mortales
1447 1278 1627 1336 appe-

127 1347 276 1396 tunt.
321 1340 508 1398 Lacte
524 1348 594 1396 et
609 1339 788 1395 melle
806 1351 1140 1397 vescuntur.
1180 1339 1401 1398 Lanae
1386 1337 1459 1396 1is
1480 1357 1627 1396 usus

125 1435 200 1474 ac
226 1417 486 1476 vestium
523 1415 782 1493 ignotuS‚
827 1435 1165 1494 quanquam
1205 1416 1501 1476 continuis
1524 1417 1627 1476 fri-

127 1496 375 1572 goi-ibus
413 1506 706 1565 urantur,
691 1518 704 1530 ·
749 1496 999 1570 pellibus
1040 1508 1242 1556 tamen
1281 1495 1487 1555 ferinis
1524 1507 1627 1555 aut

127 1574 385 1635 murinis
424 1584 687 1634 utuntur.
767 1577 923 1635 Haec
966 1574 1322 1635 continentia
1353 1575 1469 1634 illis
1493 1593 1625 1635 mo·

126 1673 266 1713 rum
313 1672 549 1730 quoque
596 1652 894 1745 justitiam
936 1655 1135 1724 edidit,
1173 1656 1319 1713 nihil
1358 1654 1624 1715 alienum

121 1734 705 1808 concupiscentibus,
772 1734 1013 1809 Quippe
1040 1734 1258 1791 ibidem
1282 1732 1624 1793 divitiarum

123 1809 350 1887 cupido
369 1822 486 1882 est,
510 1812 608 1869 ubi
627 1823 687 1869 et
709 1830 871 1870 usus.
915 1817 1118 1894 Atque
1137 1812 1363 1870 utinam
1382 1812 1625 1889 reliquis

127 1890 482 1949 mortalibus
519 1890 736 1951 similis
775 1876 1120 1960 moderatio',
1166 1902 1227 1949 et
1276 1891 1625 1951 abstinentia

121 1969 306 2027 alieni
353 1968 546 2031 foret.
525 1971 544 2009 ἲ
589 1968 859 2044 profecto
881 1988 1019 2027 non
1058 1968 1290 2029 tantum
1330 1972 1623 2031 bellorum

120 2066 233 2123 per
257 2049 464 2111 omnia
490 2050 708 2107 saecula
733 2049 910 2107 terris
948 2049 1224 2108 omnibus
1251 2050 1620 2107 continuare-

20 2160 22 2171 ·
118 2139 261 2186 tur:
306 2146 503 2204 neque
541 2130 678 2203 plus
717 2126 1030 2186 hominum
1068 2127 1294 2185 ferrum
1336 2138 1395 2186 et
1438 2146 1623 2197 arma,

20 2236 22 2245 ·
117 2206 310 2281 quam
327 2207 609 2266 naturalis
625 2206 881 2265 fatorum
893 2190 1148 2265 conditio
1158 2216 1421 2281 raperem
1446 2209 1622 2264 Pror-

20 2284 24 2339 ἱ
115 2284 230 2342 sus
259 2294 325 2343 ut
351 2286 692 2343 admirabile
734 2286 1021 2358 videatur,
1060 2286 1175 2343 hoc
1210 2286 1325 2343 iuis
1348 2296 1621 2343 naturam

20 2384 25 2425 ι
114 2366 284 2429 dare,
316 2365 476 2438 quod
503 2362 706 2421 Graeci
745 2367 923 2439 longa
952 2362 1303 2439 sapientium
1334 2362 1623 2434 doctrina,

113 2441 570 2517 praeceptisque
589 2442 1075 2517 philosophorum
1102 2444 1385 2517 consequi
1401 2461 1622 2517 neque·

117 2532 252 2593 unt,
280 2524 593 2595 cultosque
618 2540 819 2579 mores
856 2521 1097 2579 incultae
1137 2522 1417 2580 barbariae
1447 2522 1623 2578 colla-

116 2599 286 2659 tione
317 2598 611 2676 superari.
671 2598 870 2661 Tanto
894 2602 1031 2673 plus
1058 2598 1261 2660 inillis
1277 2599 1509 2677 proficit
1533 2597 1621 2655 vi·

809 2716 850 2755 Β
893 2704 929 2755 2
