1808 3254
907 194 1086 280 116,

210 336 499 419 quicquid
536 336 623 411 fit,
645 338 803 401 haud
840 336 1068 399 temere
1115 356 1252 399 esse
1301 348 1528 400 rentum
1565 339 1695 400 Nec

208 420 509 479 minorem
534 429 764 477 motum
788 416 1126 479 animorum
1147 418 1360 479 Romae
1385 428 1510 477 tam
1527 409 1692 477 atro'x

210 516 305 556 res
330 496 487 567 facit,
514 514 693 571 quam
718 496 980 557 Collatiae
997 496 1235 556 fecerat.
1255 494 1444 585 Ergo
1469 516 1547 554 ex
1573 516 1692 555 om·

208 576 382 635 nibus
406 574 549 634 locis
590 574 794 633 urbis
779 594 841 633 ιιι
868 558 1068 633 forum
1111 573 1393 633 curritur.
1459 568 1596 647 Quo
1621 575 1690 631 si-

204 655 335 713 mul
358 663 603 712 ventum
621 663 713 711 est
728 670 930 727 praeco
955 654 1028 711 ad
1045 652 1385 711 Tribunum
1399 655 1690 721 Celennia,

203 746 433 809 mquo
480 742 609 789 tum
634 730 986 809 magistratu
1011 730 1158 791 forte
1185 733 1406 791 Brutus
1429 742 1576 802 erat,
1598 750 1690 809 po·

204 812 419 885 pulum
444 810 763 869 advocavit.
844 810 966 867 Ubi
1006 811 1188 867 oratio
1227 810 1442 879 habita,
1479 828 1687 886 nequa·

207 888 393 963 quam
418 888 551 967 ejus
574 886 835 963 pectoris
869 888 1233 978 ingeniique,
1272 889 1434 963 quod
1459 889 1687 947 simula·

202 976 336 1025 tum
360 968 433 1028 ad
457 986 591 1025 eam
606 966 771 1029 diem
782 966 993 1037 fuerat,
1011 968 1084 1025 de
1106 965 1164 1024 vi
1181 985 1249 1025 ac
1273 966 1514 1025 libidine
1533 966 1689 1025 Sexti

205 1044 537 1122 Tarquinii,
560 1047 635 1103 de
682 1057 881 1119 stupro
909 1044 1142 1105 infando
1179 1045 1477 1115 Lucretiae
1507 1054 1569 1105 et
1592 1046 1692 1105 mi·

204 1125 441 1183 serabili
455 1124 640 1192 caede,
664 1125 738 1181 de
756 1123 1002 1182 orbitate
1019 1122 1382 1199 Tricipitini,
1398 1124 1498 1189 cui
1509 1135 1694 1183 morte

203 1198 345 1261 filiae
397 1220 575 1261 causa
614 1202 821 1259 mortis
870 1202 1168 1293 indignior
1218 1221 1287 1261 ac
1312 1202 1693 1263 miserabilior

202 1274 407 1338 esset-⁹
458 1278 675 1339 Addita
712 1280 990 1355 superbia
1025 1280 1219 1355 ipsius
1259 1280 1450 1361 regis2
1468 1280 1694 1342 miseri·

206 1374 379 1433 aeque
404 1367 465 1415 et
513 1359 741 1415 labores
784 1359 974 1432 plebis
1023 1358 1089 1435 in
1127 1358 1329 1430 fossas,
1353 1346 1692 1435 cloacasque

202 1434 636 1495 exhauriendas
680 1434 993 1497 demersae.
1074 1439 1375 1499 Romanos
1426 1436 1692 1498 homines

199 1514 458 1573 victores
480 1513 749 1573 omnium
795 1514 955 1575 circa
978 1518 1333 1593 populorum
1356 1514 1606 1591 opifices
1629 1532 1691 1575 ac

198 1594 483 1670 lapicidas
534 1609 645 1670 pro
689 1594 1066 1654 bellatoribus
1111 1594 1313 1654 factos.
1443 1594 1692 1688 Indigna

201 1674 392 1733 Servii
421 1672 612 1732 Tullii
639 1673 799 1766 regis
826 1685 1152 1734 memorata
1177 1675 1389 1743 caedes,
1413 1683 1476 1732 et
1499 1674 1692 1732 invec-

198 1762 262 1810 ta
288 1751 533 1829 corpori
546 1751 729 1826 patris
752 1752 1001 1812 nefando
1025 1751 1298 1811 vehiculo
1322 1751 1486 1810 filia·
1513 1753 1692 1810 invo-

198 1831 427 1911 catique
444 1833 667 1890 ultores
688 1839 1005 1906 parentum
1029 1830 1151 1890 Dii
1255 1829 1374 1890 His
1397 1830 1691 1920 atrociqri·

195 1909 442 1986 busque,
458 1911 663 1977 crede,
701 1909 849 1977 aliis,
888 1928 1024 1986 quae
1068 1925 1332 1986 praesens
1372 1925 1584 1970 rerum
1603 1905 1689 1965 in·

196 1987 455 2063 dignitas
480 1985 937 2077 haudquaquam
963 1990 1154 2048 relatu
1184 1987 1572 2066 scriptoribus
1609 1984 1690 2046 fa-

198 2065 333 2124 cilia
356 2062 619 2141 subjicit,
643 2066 1010 2142 memorati&
1035 2068 1336 2126 incensam
1361 2061 1690 2124 multitudi-

195 2161 339 2204 nem
376 2143 655 2218 perpulit,
706 2153 775 2200 ut
814 2143 1136 2219 imperium
1183 2145 1312 2224 regi
1358 2146 1690 2221 abrogaret,

196 2224 551 2298 exsulesque
588 2239 723 2280 esse
768 2220 1003 2300 J'ub'eret
1027 2227 1098 2283 L.
1125 2222 1523 2298 Tarquinium
1548 2239 1690 2281 cum

194 2300 453 2391 conjuge
478 2319 548 2360 ac
598 2301 814 2362 liberis.
879 2303 1039 2393 ’Ipse
1053 2300 1398 2393 junioribus
1401 2301 1509 2376 qui
1533 2299 1688 2359 ultro

194 2378 437 2438 nomina
476 2381 705 2450 dabant,
759 2380 932 2440 lectis
973 2379 1352 2456 armatisque,
1377 2371 1447 2438 a'd
1493 2378 1690 2438 conei-

190 2459 437 2517 tandum
461 2457 595 2518 inde
618 2458 899 2518 adversus
923 2477 1131 2536 regem
1172 2458 1528 2530 exercitum,
1573 2461 1690 2516 Ar·

190 2538 366 2596 deam
404 2537 465 2594 in
502 2547 695 2598 castra
732 2548 825 2596 est
871 2537 1223 2629 profectus3
1264 2536 1584 2612 imperium
1621 2535 1686 2594 in

191 2617 339 2673 urbe
363 2613 661 2680 Lucretio,
685 2614 970 2704 praefecto
992 2614 1182 2674 urbis
1175 2614 1312 2692 Jam
1337 2623 1474 2673 ante
1497 2617 1570 2672 ab
1593 2631 1686 2671 re

194 2709 273 2768 ge
296 2691 579 2766 instituto,-
602 2691 897 2768 relinquit.
965 2693 1129 2756 Inter
1145 2693 1312 2753 hunc
1335 2693 1688 2763 tumultum,

1787 1338 1792 1403 Ι

1791 1420 1794 1473 ι

1793 1502 1796 1559 1

1795 1584 1798 1644 Ι
