1808 3254
889 283 979 357 44·

199 439 316 506 'quo
336 445 456 498 me,
481 426 682 502 inquit,
708 427 954 486 articulo
972 445 1175 490 rerum
1190 445 1465 500 mearum
1490 427 1672 488 fot-tu·

194 523 271 582 na
289 505 756 580 deprehenderit,
784 501 1045 564 cernitis,
1098 507 1423 594 Strgpitum
1448 505 1673 566 hostili-

196 601 298 639 um
327 601 630 642 armorum
653 585 933 642 exaudire
958 583 1110 642 mihi
1125 585 1350 654 videor,
1375 597 1435 642 et
1453 585 1563 660 qui
1588 588 1675 644 ul-

193 671 286 718 tro
311 659 484 719 intuli
507 663 750 732 bellum,
765 661 891 738 jam
917 680 1219 737 provocor.
1283 663 1503 720 Darius
1530 681 1673 740 ergo

193 756 384 812 quum
410 747 534 797 tam
571 743 848 815 superbas
897 739 1121 814 litteras
1165 740 1465 810 scriberet,
1489 740 1673 798 fortu-

195 835 336 874 nam
353 816 549 876 meam
576 815 640 874 in
655 819 896 876 consilio
912 819 1245 889 habuit3sed
1262 817 1677 894 nequicquam,

197 895 249 953 si
275 894 425 952 mihi
454 895 691 955 arbitrio
715 915 853 955 meo
878 896 1074 955 curari
1118 896 1273 966 licet.
1366 900 1560 962 Lenta
1585 916 1675 954 re·

195 973 390 1036 media
415 984 476 1032 et
500 991 713 1051 segnes
753 974 1022 1036 medicor,⁴
1045 993 1162 1032 non
1186 984 1501 1050 expectant
1525 985 1676 1036 tem·

197 1070 341 1126 pora
361 1069 532 1122 mea3
562 1055 654 1111 vel
680 1052 835 1116 mori
857 1051 1115 1120 strenue,
1141 1051 1323 1126 quam
1348 1049 1523 1129 tarde
1540 1069 1678 1110 con-

197 1133 490 1188 valescere
518 1131 666 1188 mihi
692 1131 909 1190 melius
935 1141 1042 1189 est.
1110 1129 1383 1200 Proinde,
1434 1129 1487 1188 si
1532 1131 1679 1206 quid

199 1208 350 1284 opis,
377 1209 426 1266 si
451 1209 590 1282 quid
615 1209 756 1266 artis
796 1207 856 1264 in
908 1208 1157 1266 medicis
1206 1219 1315 1278 est,
1366 1209 1555 1267 sciant
1574 1227 1677 1266 me

195 1303 315 1342 non
339 1283 462 1342 tam
491 1286 698 1344 mortis
751 1284 931 1362 quam
970 1289 1110 1345 belli
1149 1287 1484 1347 remedium
1509 1303 1680 1361 quoe-

197 1381 345 1420 rere.
385 1409 388 1412 .
428 1364 742 1439 Ingentem
781 1364 1055 1436 omnibns
1088 1366 1420 1433 incusserat
1469 1363 1680 1436 curam

193 1451 318 1498 tam
343 1439 623 1531 praeceps'
638 1443 935 1513 temeritas
950 1442 1101 1520 ejus,
1124 1445 1289 1520 Ergo
1306 1461 1415 1518 pro
1432 1461 1497 1500 se
1516 1443 1682 1517 quis·
1727 1489 1733 1496 .

198 1525 318 1593 que
341 1536 572 1594 precam
597 1519 850 1595 ooepere,
863 1540 937 1580 ne
957 1521 1323 1580 festinatione
1340 1521 1681 1596 periculum

195 1607 464 1675 augeret,
503 1599 608 1657 sed
633 1610 790 1657 esset
815 1599 875 1658 in
919 1610 1206 1675 potestate
1252 1598 1629 1681 medentium
1660 1619 1677 1655 ε

198 1674 508 1753 inexperta
535 1677 796 1739 remedia
809 1681 967 1752 haud
992 1678 1209 1755 injuria
1226 1679 1369 1752 ipsis'
1396 1696 1526 1735 esse
1546 1696 1680 1735 sus·

197 1765 382 1830 pecta,
399 1776 580 1831 quum
611 1760 684 1823 ad
701 1756 1059 1833 »perniciem
1078 1757 1207 1834 ejus
1232 1754 1411 1817 etiam
1436 1754 1471 1815 εἰ
1494 1758 1681 1815 latere

199 1834 390 1905 ipsius
415 1835 673 1909 pecunia
709 1836 1052 1893 sollicitaret·
1078 1836 1261 1893 hostis
1280 1833 1529 1909 (quippe
1556 1830 1681 1891 Da·

199 1916 326 1969 rius
350 1911 512 1970 mille
539 1916 751 1971 talenta
767 1913 1125 1971 interfectori
1158 1910 1487 1982 Alexandri
1510 1912 1680 1971 datu-

173 2006 338 2061 rum
384 2008 448 2047 se
475 1991 840 2063 pronuntiari
860 1990 1146 2066 jusserat)
1173 1992 1367 2065 itaque
1395 2007 1470 2046 ne
1502 2007 1683 2048 ausu-

193 2084 332 2125 rum
351 2066 600 2141 quidem
614 2086 993 2145 quemquam,
1004 2062 1383 2142 arbitrabatur
1398 2115 1401 2119 ,
1414 2061 1685 2139 experiri
1782 2088 1789 2097 ··

193 2146 547 2216 remedium,
565 2146 724 2219 quod
739 2156 978 2223 propter
988 2144 1307 2207 novitatem
1322 2156 1523 2222 posset
1539 2162 1681 2203 essev
1710 2196 1717 2203 .

199 2234 558 2298 suspectum.
637 2272 642 2277 .
1312 2285 1317 2289 .

273 2302 420 2360 Erat
444 2302 598 2361 inter
614 2302 838 2362 nobiles
857 2304 1125 2363 medicus
1142 2306 1180 2363 ἐ·
1207 2302 1680 2363 Macedoniam-

197 2398 336 2455 gem
363 2391 602 2459 secutus
628 2380 955 2457 PhilippuS,
967 2382 1200 2441 natione
1222 2378 1677 2451 Acarnamfi'dus

195 2458 522 2517 admodum
547 2457 678 2537 regi
701 2483 723 2539 ξ
765 2479 953 2535 puero
978 2480 1109 2522 com
1118 2481 1184 2519 es
1207 2471 1266 2519 et
1292 2470 1494 2517 custos
1520 2460 1679 2517 salu·

114 2548 124 2559 ⁶
193 2536 269 2603 tis
293 2539 480 2606 datus»,
503 2555 618 2595 non
646 2549 713 2595 ut
763 2558 971 2615 regem
996 2538 1194 2607 mode,
1243 2540 1347 2596 sed
1384 2537 1565 2595 etiam
1609 2546 1681 2593 ut

195 2617 524 2684 alumnum,
548 2616 772 2673 eximia
813 2618 1053 2676 caritate
1080 2617 1372 2696 diligebat.
1466 2616 1527 2671 Is
1550 2630 1681 2675 non

195 2710 468 2773 praeceps
491 2713 578 2763 se,
605 2695 708 2751 sed
733 2704 1046 2753 strenuum
1074 2693 1405 2751 remedium
1440 2692 1677 2759 afferre,

195 2780 532 2847 tantamque
558 2769 684 2841 vim
705 2772 907 2859 met-bs)
920 2770 1157 2857 potiope
1198 2768 1493 2829 medicata
1520 2768 1681 2827 leva·
