1808 3254
909 181 990 236 88

199 329 319 386 duo
342 328 522 385 duces
549 321 809 382 hostium
849 323 1134 384 cecidere.
1212 323 1374 382 Cssm
1409 319 1675 396 interim,

201 403 466 482 Agesilai
481 405 732 461 adventu
741 401 1039 472 nunciato,
1054 402 1322 464 Thebani
1340 403 1667 462 recessere:

199 499 310 540 nec
336 483 558 540 bellum
581 477 686 538 diu
710 479 1001 538 dilatum:
1044 480 1335 554 siquidem
1356 483 1675 572 Spartano-

198 577 334 618 rum
351 558 650 636 juventus,
666 575 875 614 senum
889 559 1103 616 virtute
1128 569 1185 615 et
1199 557 1389 648 gloria
1416 560 1674 624 incensa,

104 652 112 660 ·
196 637 388 696 teneri
407 654 528 698 non
559 633 768 712 potuit,
787 632 948 726 quin·
960 655 1035 693 ex
1062 635 1399 706 commenti,
1424 634 1547 694 acie
1568 635 1674 692 de-

199 725 483 774 cerneret.
563 711 724 772 Cum
750 713 989 771 victoria
1026 715 1450 772 Thebanorum
1496 721 1675 781 esset,

199 776 658 883 Epaminondas,
682 792 824 854 dum
841 809 961 848 non
978 791 1150 850 ducis
1185 791 1431 862 tantum,
1456 788 1671 849 verum

199 871 382 930 etiam
406 869 712 931 fortissimi
736 868 941 927 militis
965 869 1155 928 officio
1181 869 1465 948 fungitur,
1481 869 1675 946 gravi*

189 958 294 1010 'ter
312 951 665 1012 vulneratur.
723 949 859 1021 Quo
875 948 1089 1018 audit0,
1115 947 1209 1006 his
1225 968 1301 1006 ex
1320 950 1519 1007 dolore
1542 965 1675 1004 me-

144 1051 146 1054 *
199 1038 314 1097 ωε,
339 1037 399 1086 et
419 1026 536 1086 illis
575 1047 652 1084 ex
681 1025 894 1116 gaudio
937 1035 1141 1100 stupor
1153 1024 1465 1124 injicitur3
1494 1035 1673 1099 atque

202 1106 285 1164 ita
299 1107 480 1166 veluti
504 1125 580 1164 ex
601 1103 812 1179 placito
837 1121 1125 1162 consensu
1142 1125 1177 1162 a
1200 1105 1405 1178 praelio
1430 1103 1675 1204 discedi-

202 1195 318 1244 tur.

286 1265 433 1320 Post
453 1280 672 1336 paucos
705 1259 912 1319 deinde
952 1259 1075 1318 dies
1116 1257 1550 1336 Epaminondas
1576 1263 1677 1320 de-

207 1339 382 1408 cedit,
398 1358 536 1396 cum
562 1358 681 1413 quo
703 1339 856 1396 vires
892 1356 1123 1414 quoque
1148 1341 1487 1414 reipublicae
1521 1342 1675 1398 ceci-

205 1419 433 1476 derunt.
476 1419 637 1474 Nam
652 1416 821 1474 sicuti
835 1419 961 1474 telo·
969 1416 1021 1472 si
1040 1418 1294 1492 primam
1312 1419 1503 1476 aciem
1519 1433 1680 1492 prae-

203 1493 477 1571 fregeris,
490 1495 717 1570 reliquo
743 1494 894 1552 ferre
921 1495 1044 1552 vim
1064 1497 1310 1554 nocendi
1330 1496 1639 1554 sustuleiis
1660 1519 1678 1553 z
1729 1511 1736 1517 '

209 1572 296 1633 sic
321 1575 438 1643 illo,
462 1575 620 1633 velut
647 1581 930 1631 mucrone
970 1574 1086 1639 teli,
1128 1576 1321 1633 ablato
1340 1576 1488 1633 duce
1515 1575 1682 1635 The-

207 1656 514 1723 banorum,
539 1653 635 1711 rei
653 1671 884 1727 quoque
911 1652 1158 1725 publicae
1192 1655 1347 1711 vires
1390 1655 1679 1713 hebetatae

211 1742 392 1789 sunt·
435 1741 501 1789 ut
525 1750 642 1791 non
661 1730 786 1789 tam
810 1730 977 1787 illum
1002 1731 1285 1803 amisisse,
1310 1750 1517 1806 quam
1537 1752 1683 1791 cum

211 1808 347 1867 illo·
333 1810 624 1868 interiisse
641 1827 849 1871 omnes
868 1804 1217 1867 viderentur.
1299 1812 1456 1867 Nam
1482 1828 1683 1885 neque

215 1890 372 1948 hunc
398 1898 530 1945 ante
573 1887 788 1945 ducem
833 1889 1021 1943 ullum
1048 1889 1431 1947 memorabile
1453 1890 1685 1946 bellum

217 1968 500 2055 gessere3
526 1983 638 2021 nec
663 1973 868 2037 postea
903 1963 1369 2055 virtutibus,‚sed
1420 1967 1689 2024 cladibus

134 2039 142 2049 ‘
217 2043 478 2119 insignes
517 2042 741 2101 fuere.
723 2080 755 2095 ..
808 2050 873 2097 ut
927 2042 1303 2111 manifestum
1340 2044 1445 2112 sit,-
1470 2044 1688 2119 patriae
1730 2100 1735 2107 .

219 2120 464 2197 gloriam
493 2131 553 2177 et
575 2129 791 2194 natam,
815 2127 872 2173 et
889 2118 1207 2177 extinctam
1228 2140 1367 2180 cum
1385 2142 1456 2183 eo
1482 2120 1689 2180 fuisse.

219 2198 358 2260 Fuit
396 2210 598 2257 autem
634 2198 943 2283 incertum,
968 2197 1056 2253 vir
1080 2198 1305 2269 melior,
1330 2219 1401 2257 an
1428 2202 1554 2257 dux
1598 2222 1694 2257 es-

223 2287 329 2333 set.
394 2280 552 2335 Nam
577 2287 637 2335 et
663 2274 990 2350 imperium
1016 2296 1130 2335 non
1158 2276 1271 2333 sthi
1298 2296 1556 2353 semper,
1584 2282 1694 2337 sed

221 2354 431 2429 patniae
447 2354 752 2430 quaesivit·
783 2366 840 2411 et
858 2356 1129 2426 pecuniae
1154 2352 1297 2413 adeo
1319 2366 1536 2429 parcus
1557 2356 1697 2427 fuit,

223 2444 289 2489 ut
317 2444 588 2523 sumptus
612 2432 802 2493 funeri
845 2430 1125 2491 desuem.-
1204 2434 1425 2493 Gloriae
1454 2452 1698 2509 quoque

221 2521 338 2568 non
365 2509 648 2587 cupidior,
727 2510 862 2602 ιιὲὶιιι
904 2512 1217 2589 pecuniaez
1256 2512 1474 2587 quippe
1518 2530 1702 2575 recu-

227 2590 393 2663 santi,
411 2610 608 2649 omma
621 2610 705 2649 ιιιι
749 2590 870 2648 eria
887 2592 1117 2665 ingesta
1132 2592 1294 2647 sunt:
1321 2592 1700 2665 honoresque

229 2668 312 2727 ita
337 2669 536 2745 gessit,
565 2678 632 2727 ut
655 2674 1071 2730 olnamentum
1094 2685 1219 2744 non¹
1252 2666 1546 2741 accipere,
1588 2672 1700 2727 sed

1781 2100 1801 2901 —4m——-—.-'
1788 371 1801 2079 Q——.—————*——.-——-.
