1808 3254
901 280 985 338 13

177 443 314 504 quae
339 423 536 502 epulis
565 434 738 491 erant
773 425 1135 497 necessaria,
1168 427 1429 505 reliquit.
1511 419 1693 498 Quod

150 504 329 566 cum
351 505 692 564 nuntiatum
715 506 945 584 reginae
972 517 1149 578 esset,
1176 508 1687 567 adolescentulum

165 584 397 656 filium,
423 587 498 644 ad
517 585 957 660 insequendum
983 603 1127 644 eum
1147 605 1294 644 oum
1319 589 1495 646 tertia
1520 595 1690 662 parte

169 663 491 739 copiarum
515 662 724 746 mittit.
759 662 927 724 cum
952 675 1198 726 ventum
1224 666 1297 728 ad
1322 657 1473 742 Cyri
1496 673 1695 724 castra·

170 754 355 814 esset,
371 738 616 822 ignarus
635 743 723 802 rei
741 741 1015 802 militaris
1034 745 1404 840 aciolescen83
1418 743 1599 804 veluti
1615 745 1691 802 ad

167 825 404 913 epulas,⁸
426 839 550 880 non
572 822 646 880 ad
671 821 956 897 praelium
982 823 1259 892 venisset,
1286 823 1526 886 omissis
1551 825 1689 882 hos-

165 901 356 971 tibuS‚
385 901 656 960 insuetos
680 901 967 970 barbaros
1006 902 1147 960 vino
1175 923 1241 960 se
1268 920 1513 963 onerare
1538 904 1689 978 pati-

167 989 314 1042 tur.
353 979 646 1056 priusque
691 981 935 1056 Scythae
980 980 1276 1052 ebrietate,
1318 979 1506 1057 quam
1530 981 1689 1038 bello

165 1051 513 1118 vincuntur.
568 1059 729 1120 Nam
757 1058 1017 1134 cognitis
1050 1059 1163 1130 his,
1190 1061 1391 1136 Cyrus
1412 1075 1687 1118 reversus

167 1155 284 1214 per
308 1148 570 1218 noctem,
595 1135 1159 1230 saucios'opprimit,
1184 1157 1513 1214 omnesque
1542 1139 1688 1214 Scy-

161 1217 306 1274 thas
335 1233 482 1274 cum
498 1215 725 1293 reginae
748 1217 871 1276 filio
887 1216 1213 1276 interficit.-
1246 1219 1495 1282 Amisso
1522 1227 1685 1274 tanto

163 1295 464 1366 exercitu,
505 1305 584 1364 et,
627 1297 786 1374 quod
831 1294 1071 1372 gravius
1114 1297 1462 1366 dolendum,
1505 1294 1685 1354 unico

163 1372 315 1445 filio,
354 1372 639 1448 Tamyris
670 1375 935 1432 orbitatis
966 1377 1236 1434 dolorem
1272 1393 1395 1435 non
1418 1375 1484 1432 in
1510 1375 1652 1434 lacr'
1638 1395 1688 1432 ι-

161 1471 302 1512 mas
317 1452 550 1524 effudit,
566 1452 700 1510 sed
686 1471 747 1510 m
766 1453 1007 1512 ultionis
1020 1455 1225 1514 solatia
1238 1452 1523 1514 intendit·
1544 1456 1685 1510 hos-

161 1541 383 1608 tesque
409 1531 638 1592 recenti
671 1531 924 1592 victoria
948 1536 1305 1604 exultanteS,
1328 1533 1459 1610 pari
1478 1529 1682 1590 insidi-

162 1630 350 1671 arum
375 1605 586 1671 fraude
627 1611 1036 1673 circumvenit.
1112 1612 1353 1709 Quippe
1394 1611 1680 1681 simulata

157 1689 501 1750 diffidentia
516 1702 760 1767 propter
771 1696 989 1751 vulnus
1010 1704 1326 1768 acceptum
1325 1690 1681 1769 refugienS,

157 1772 404 1844 Cyrum
425 1770 499 1829 ad
526 1770 850 1845 angustias
845 1788 1042 1847 usque
1062 1770 1493 1847 perduxit.1bi
1514 1788 1681 1829 com-

157 1849 384 1929 positis
399 1848 462 1907 in
477 1850 777 1910 montibus
792 1848 1041 1919 insidiis,
1056 1852 1314 1909 ducenta
1331 1848 1521 1907 millia
1536 1851 1680 1907 Per-

155 1945 376 1987 sarum
398 1946 542 1991 cum
563 1930 692 2005 ipso
711 1947 858 2007 rege
876 1929 1229 1989 trucidavit.
1256 1930 1328 1987 In
1348 1931 1466 2005 qua
1493 1927 1678 1985 victo·

157 2007 262 2065 ria
289 2008 470 2065 etiam
496 2008 640 2069 iuud
667 2008 1054 2067 memorabile
1082 2007 1211 2077 fuit,
1236 2006 1396 2083 quod
1418 2019 1497 2065 ne
1523 2024 1676 2065 nun-

155 2086 292 2146 tius
305 2088 546 2161 quidem
561 2096 739 2149 tantae
759 2086 941 2152 cladis
957 2086 1269 2162 superfuit.
1308 2089 1509 2161 Caput
1528 2083 1675 2160 Cyri

155 2176 546 2239 amputatum
590 2166 652 2224 in
691 2176 896 2225 utrem
936 2169 1199 2225 humano
1242 2183 1341 2225 san
1350 2165 1534 2241 guine
1583 2180 1676 2222 re

147 2246 397 2321 pletum
429 2245 666 2335 conjici
681 2245 890 2322 regina
932 2245 1121 2324 jubet,
1148 2262 1292 2303 cum
1310 2246 1427 2302 hac
1454 2259 1676 2317 explo-

144 2322 426 2383 bratione
443 2320 848 2385 crudelitatis·
883 2328 1042 2383 Satin
1064 2336 1144 2394 te,
1160 2323 1371 2399 inquit,
1394 2325 1674 2394 sanguine

143 2422 327 2475 quem
343 2404 536 2472 sitisti,
559 2404 843 2477 cujusque
869 2405 1207 2461 insatiabilis
1232 2403 1669 2472 semper-suisti.

141 2482 363 2557 Cyrus
388 2482 657 2558 regnavit
683 2501 868 2545 annos
896 2502 1053 2553 XXX,
1085 2500 1205 2541 non
1240 2479 1405 2538 initio
1437 2477 1673 2538 tantum

139 2560 358 2637 regni,
383 2564 486 2619 sed
513 2561 797 2621 continuo
830 2562 1013 2623 totius
1049 2557 1341 2637 temporis
1368 2574 1673 2625 successu,

141 2640 626 2700 admirabiliter
611 2641 926 2721 lusigniS.

892 2743 933 2803 b
