1808 3254
894 173 972 260 ις

236 355 415 412 Cum
458 347 697 426 Assyrii
734 349 1136 420 descivissent,
1178 359 1238 408 et
1280 349 1666 442 Babyloniam

144 440 581 506 occupassent,
600 427 976 504 difficilisque
1000 431 1166 488 urbis
1187 430 1550 507 expugnatio
1575 448 1668 488 es-

148 520 275 580 set,
294 519 587 568 aestuante
600 528 767 585 rege,
784 527 938 567 unus
955 511 1028 566 de
1045 508 1517 568 interfectoribus
1535 509 1669 566 Ma·

148 601 391 666 gorum
420 591 697 664 Zopyrus
734 587 897 646 donii
941 605 1004 645 se
1045 589 1388 645 verberibus
1421 584 1668 646 lacerari

148 677 293 725 toto
319 685 565 742 corpore
586 667 786 764 jubet:
828 683 1062 728 nasum
1087 683 1278 734 aureS‚
1303 675 1363 724 et
1386 663 1536 725 labia
1557 663 1670 724 sibi

148 746 437 821 praecidi,
461 757 639 820 atque
654 743 739 803 ita
752 745 887 822 regi
902 744 1226 822 inopinanti
1243 763 1306 802 se
1325 746 1514 804 offert.
1556 746 1668 803 At-

154 826 531 897 tonitum,1et
556 835 926 900 quaerentem
957 823 1214 882 Darium
1253 842 1478 893 causas,
1506 832 1670 882 auto·

156 922 423 994 remque
462 914 593 962 tam
627 902 800 962 foedae
842 903 1236 972 lacerationis,
1274 903 1509 994 tacitus,
1551 919 1672 978 quo

160 981 475 1058 proposito
498 973 727 1050 fecerit,
753 983 987 1050 edocet3
1031 980 1441 1056 formatoque
1427 999 1488 1039 m
1509 979 1668 1039 futu-

158 1081 236 1119 ra
262 1060 528 1128 consiliu,
542 1061 865 1138 transfugae
884 1061 1060 1119 titulo
1075 1061 1460 1135 Babyloniam
1484 1058 1667 1136 profi-

158 1140 431 1198 ciscitur.
474 1140 564 1197 Ibi
584 1140 853 1198 bstendit·
846 1139 1084 1231 populo
1107 1139 1391 1200 laniatum
1418 1153 1666 1230 corpus:

161 1217 449 1293 queritur
465 1215 882 1276 crudelitatem
901 1218 1083 1294 regia,
1109 1215 1144 1275 a
1162 1237 1279 1294 quo
1291 1219 1355 1276 in
1371 1218 1564 1308 regni·
1565 1235 1669 1294 pe-

137 1296 398 1366 titione,
420 1315 541 1355 non
567 1297 802 1367 virtute,
838 1300 941 1356 sed
967 1296 1253 1372 auspici0‚
1290 1315 1413 1356 non
1435 1295 1668 1377 judicio

156 1376 505 1446 hominum,
528 1377 637 1434 sed
662 1375 895 1439 hinnitu
921 1375 1062 1452 equi
1094 1386 1426 1452 superatus.
1492 1376 1527 1433 J
1529 1378 1668 1434 ubet

156 1453 305 1512 illos
332 1473 407 1512 ex
437 1453 645 1514 amicis
672 1457 1026 1530 exemplum
1052 1473 1288 1533 capere,
1313 1455 1453 1531 quid
1481 1454 1667 1512 hosti-

140 1537 285 1591 ·bus
327 1534 657 1592 cavendum
702 1532 807 1590 sit.
852 1535 1164 1604 Hortatur,
1206 1551 1326 1592 non
1370 1533 1671 1592 moenibus

162 1613 389 1689 magiS‚
415 1610 597 1689 quam
623 1612 806 1669 armis
823 1611 1140 1684 confidant,
1162 1611 1574 1711 patianturque
1599 1627 1668 1671 sc

162 1711 496 1751 commune
520 1694 747 1750 bellum
774 1691 1102 1758 recentiore
1121 1693 1211 1751 ira
1237 1698 1469 1781 gerere.
1511 1694 1671 1772 Nota

164 1771 443 1830 nobilitas
467 1756 579 1827 viri
619 1768 841 1849 pariter
880 1780 942 1829 et
980 1770 1168 1831 virtus
1200 1770 1479 1861 omnibus
1504 1780 1666 1830 erat·

162 1868 287 1908 nec
306 1853 387 1910 de
406 1850 523 1907 fide
542 1850 843 1921 timebant,
868 1849 1044 1927 cujus
1059 1849 1242 1907 veluti
1257 1848 1526 1927 pignora,
1543 1852 1670 1907 vul-

162 1947 319 1987 nera
344 1928 613 2004 corporis
628 1939 697 1985 et
723 1930 962 2007 injuriae
977 1938 1146 1987 notas
1165 1930 1470 1987 habebant.
1511 1932 1668 1989 Con-

164 2010 443 2067 stituitur
456 2026 605 2085 ergo
620 2008 745 2067 dux
766 2008 1036 2067 omnium
1059 2008 1364 2099 suffragio,
1383 2018 1444 2065 et
1457 2024 1669 2081 accep·

161 2090 235 2144 ta
252 2090 439 2162 parva
458 2105 663 2156 manu,
688 2090 878 2145 semel
895 2098 1070 2161 atque
1089 2088 1200 2143 itei
1201 2102 1306 2143 um
1325 2086 1668 2145 cedentibus

72 2239 76 2245 ⁵
168 2164 443 2223 consult&
460 2165 681 2233 Persis,
696 2168 956 2225 secunda
978 2165 1187 2241 praelia
1209 2162 1381 2223 facit·
1423 2168 1508 2224 At
1532 2183 1670 2240 pos-
1681 2239 1685 2242 Ι
1791 2170 1793 2173 ‘

165 2244 365 2301 tremo
382 2244 729 2303 universum
746 2245 855 2303 sibi
882 2242 1177 2302 creditum
1192 2243 1528 2303 exercitum
1545 2244 1666 2302 Da-

168 2342 291 2459 133«)1
280 2324 494 2397 prodit,
519 2322 888 2400 urbemque
874 2341 1076 2401 ipsam
1084 2321 1150 2380 in
1164 2332 1520 2399 potestatem
1531 2322 1662 2403 ejus

166 2420 200 2459 1·
277 2399 408 2478 igit.-
